{"AAPL": {"defaultKeyStatistics": {"annualHoldingsTurnover": null, "enterpriseToRevenue": 7.505, "beta3Year": null, "profitMargins": 0.23451, "enterpriseToEbitda": 24.465, "52WeekChange": 0.46444273, "morningStarRiskRating": null, "forwardEps": 5.34, "revenueQuarterlyGrowth": null, "sharesOutstanding": 16687599616, "fundInceptionDate": null, "annualReportExpenseRatio": null, "totalAssets": null, "bookValue": 4.146, "sharesShort": 90213531, "sharesPercentSharesOut": 0.0054, "fundFamily": null, "lastFiscalYearEnd": 1601078400, "heldPercentInstitutions": 0.58561003, "netIncomeToCommon": 76311003136, "trailingEps": 4.449, "lastDividendValue": 0.22, "SandP52WeekChange": 0.29989743, "priceToBook": 35.250843, "heldPercentInsiders": 0.00066, "nextFiscalYearEnd": 1664150400, "yield": null, "mostRecentQuarter": 1616803200, "shortRatio": 1.24, "sharesShortPreviousMonthDate": 1622160000, "floatShares": 16670609616, "beta": 1.20729, "enterpriseValue": 2442064035840, "priceHint": 2, "threeYearAverageReturn": null, "lastSplitDate": 1598832000, "lastSplitFactor": "4:1", "legalType": null, "lastDividendDate": 1620345600, "morningStarOverallRating": null, "earningsQuarterlyGrowth": 1.101, "priceToSalesTrailing12Months": null, "dateShortInterest": 1625011200, "pegRatio": 1.53, "ytdReturn": null, "forwardPE": 27.368912, "maxAge": 1, "lastCapGain": null, "shortPercentOfFloat": 0.0054, "sharesShortPriorMonth": 123121920, "impliedSharesOutstanding": null, "category": null, "fiveYearAverageReturn": null}, "details": null, "summaryProfile": {"zip": "95014", "sector": "Technology", "fullTimeEmployees": 100000, "longBusinessSummary": "Apple Inc. designs, manufactures, and markets smartphones, personal computers, tablets, wearables, and accessories worldwide. It also sells various related services. The company offers iPhone, a line of smartphones; Mac, a line of personal computers; iPad, a line of multi-purpose tablets; and wearables, home, and accessories comprising AirPods, Apple TV, Apple Watch, Beats products, HomePod, iPod touch, and other Apple-branded and third-party accessories. It also provides AppleCare support services; cloud services store services; and operates various platforms, including the App Store, that allow customers to discover and download applications and digital content, such as books, music, video, games, and podcasts. In addition, the company offers various services, such as Apple Arcade, a game subscription service; Apple Music, which offers users a curated listening experience with on-demand radio stations; Apple News+, a subscription news and magazine service; Apple TV+, which offers exclusive original content; Apple Card, a co-branded credit card; and Apple Pay, a cashless payment service, as well as licenses its intellectual property. The company serves consumers, and small and mid-sized businesses; and the education, enterprise, and government markets. It sells and delivers third-party applications for its products through the App Store. The company also sells its products through its retail and online stores, and direct sales force; and third-party cellular network carriers, wholesalers, retailers, and resellers. Apple Inc. was founded in 1977 and is headquartered in Cupertino, California.", "city": "Cupertino", "phone": "408-996-1010", "state": "CA", "country": "United States", "companyOfficers": [], "website": "http://www.apple.com", "maxAge": 86400, "address1": "One Apple Park Way", "industry": "Consumer Electronics"}, "recommendationTrend": {"trend": [{"period": "0m", "strongBuy": 11, "buy": 21, "hold": 6, "sell": 0, "strongSell": 0}, {"period": "-1m", "strongBuy": 11, "buy": 22, "hold": 7, "sell": 0, "strongSell": 1}, {"period": "-2m", "strongBuy": 11, "buy": 21, "hold": 6, "sell": 1, "strongSell": 1}, {"period": "-3m", "strongBuy": 11, "buy": 16, "hold": 9, "sell": 2, "strongSell": 2}], "maxAge": 86400}, "financialsTemplate": {"code": "N", "maxAge": 1}, "earnings": {"maxAge": 86400, "earningsChart": {"quarterly": [{"date": "2Q2020", "actual": 0.64, "estimate": 0.51}, {"date": "3Q2020", "actual": 0.73, "estimate": 0.7}, {"date": "4Q2020", "actual": 1.68, "estimate": 1.41}, {"date": "1Q2021", "actual": 1.4, "estimate": 0.99}], "currentQuarterEstimate": 1, "currentQuarterEstimateDate": "2Q", "currentQuarterEstimateYear": 2021, "earningsDate": [1627344000]}, "financialsChart": {"yearly": [{"date": 2017, "revenue": 229234000000, "earnings": 48351000000}, {"date": 2018, "revenue": 265595000000, "earnings": 59531000000}, {"date": 2019, "revenue": 260174000000, "earnings": 55256000000}, {"date": 2020, "revenue": 274515000000, "earnings": 57411000000}], "quarterly": [{"date": "2Q2020", "revenue": 59685000000, "earnings": 11253000000}, {"date": "3Q2020", "revenue": 64698000000, "earnings": 12673000000}, {"date": "4Q2020", "revenue": 111439000000, "earnings": 28755000000}, {"date": "1Q2021", "revenue": 89584000000, "earnings": 23630000000}]}, "financialCurrency": "USD"}, "price": {"quoteSourceName": "Delayed Quote", "regularMarketOpen": 143.46, "averageDailyVolume3Month": 84313011, "exchange": "NMS", "regularMarketTime": 1626811202, "volume24Hr": null, "regularMarketDayHigh": 147.0997, "shortName": "Apple Inc.", "averageDailyVolume10Day": 104232250, "longName": "Apple Inc.", "regularMarketChange": 3.699997, "currencySymbol": "$", "regularMarketPreviousClose": 142.45, "postMarketTime": 1626825597, "preMarketPrice": null, "exchangeDataDelayedBy": 0, "toCurrency": null, "postMarketChange": 0.18991089, "postMarketPrice": 146.3399, "exchangeName": "NasdaqGS", "preMarketChange": null, "circulatingSupply": null, "regularMarketDayLow": 142.96, "priceHint": 2, "currency": "USD", "regularMarketPrice": 146.15, "regularMarketVolume": 96350036, "lastMarket": null, "regularMarketSource": "FREE_REALTIME", "openInterest": null, "marketState": "PREPRE", "underlyingSymbol": null, "marketCap": 2438892617728, "quoteType": "EQUITY", "volumeAllCurrencies": null, "postMarketSource": "DELAYED", "strikePrice": null, "symbol": "AAPL", "postMarketChangePercent": 0.0012994244, "preMarketSource": "FREE_REALTIME", "maxAge": 1, "fromCurrency": null, "regularMarketChangePercent": 0.025974007}, "financialData": {"ebitdaMargins": 0.30675, "profitMargins": 0.23451, "grossMargins": 0.39881, "operatingCashflow": 99590995968, "revenueGrowth": 0.536, "operatingMargins": 0.27321, "ebitda": 99820003328, "targetLowPrice": 125, "recommendationKey": "buy", "grossProfits": 104956000000, "freeCashflow": 80121004032, "targetMedianPrice": 160, "currentPrice": 146.15, "earningsGrowth": 1.188, "currentRatio": 1.142, "returnOnAssets": 0.169, "numberOfAnalystOpinions": 39, "targetMeanPrice": 159.34, "debtToEquity": 194.78, "returnOnEquity": 1.034, "targetHighPrice": 185, "totalCash": 69833998336, "totalDebt": 134744997888, "totalRevenue": 325405999104, "totalCashPerShare": 4.185, "financialCurrency": "USD", "maxAge": 86400, "revenuePerShare": 19.143, "quickRatio": 0.967, "recommendationMean": 2}, "quoteType": {"exchange": "NMS", "shortName": "Apple Inc.", "longName": "Apple Inc.", "exchangeTimezoneName": "America/New_York", "exchangeTimezoneShortName": "EDT", "isEsgPopulated": false, "gmtOffSetMilliseconds": "-14400000", "quoteType": "EQUITY", "symbol": "AAPL", "messageBoardId": "finmb_24937", "market": "us_market"}, "calendarEvents": {"maxAge": 1, "earnings": {"earningsDate": [1627344000], "earningsAverage": 1, "earningsLow": 0.82, "earningsHigh": 1.16, "revenueAverage": 72927700000, "revenueLow": 65682000000, "revenueHigh": 77150000000}, "exDividendDate": 1620345600, "dividendDate": 1620864000}, "summaryDetail": {"previousClose": 142.45, "regularMarketOpen": 143.46, "twoHundredDayAverage": 130.30486, "trailingAnnualDividendYield": 0.0057564056, "payoutRatio": 0.1834, "volume24Hr": null, "regularMarketDayHigh": 147.0997, "navPrice": null, "averageDailyVolume10Day": 104232250, "totalAssets": null, "regularMarketPreviousClose": 142.45, "fiftyDayAverage": 134.93735, "trailingAnnualDividendRate": 0.82, "open": 143.46, "toCurrency": null, "averageVolume10days": 104232250, "expireDate": null, "yield": null, "algorithm": null, "dividendRate": 0.88, "exDividendDate": 1620345600, "beta": 1.20729, "circulatingSupply": null, "startDate": null, "regularMarketDayLow": 142.96, "priceHint": 2, "currency": "USD", "trailingPE": 32.85008, "regularMarketVolume": 96350036, "lastMarket": null, "maxSupply": null, "openInterest": null, "marketCap": 2438892617728, "volumeAllCurrencies": null, "strikePrice": null, "averageVolume": 84313011, "priceToSalesTrailing12Months": 7.494922, "dayLow": 142.96, "ask": 0, "ytdReturn": null, "askSize": 1100, "volume": 96350036, "fiftyTwoWeekHigh": 150, "forwardPE": 27.368912, "maxAge": 1, "fromCurrency": null, "fiveYearAvgDividendYield": 1.32, "fiftyTwoWeekLow": 89.145, "bid": 0, "tradeable": false, "dividendYield": 0.0062, "bidSize": 2200, "dayHigh": 147.0997}, "symbol": "AAPL", "esgScores": {"palmOil": false, "peerSocialPerformance": {"min": 2.39, "avg": 6.435185185185185, "max": 12.55}, "controversialWeapons": false, "ratingMonth": 5, "gambling": false, "socialScore": 7.69, "nuclear": false, "furLeather": false, "alcoholic": false, "gmo": false, "catholic": false, "socialPercentile": null, "peerGovernancePerformance": {"min": 3.69, "avg": 7.524444444444446, "max": 14.1}, "peerCount": 55, "relatedControversy": ["Social Supply Chain Incidents", "Customer Incidents", "Business Ethics Incidents"], "governanceScore": 8.94, "environmentPercentile": null, "animalTesting": false, "peerEsgScorePerformance": {"min": 7.24, "avg": 17.082181818181823, "max": 26.54}, "tobacco": false, "totalEsg": 16.92, "highestControversy": 3, "esgPerformance": "UNDER_PERF", "coal": false, "peerHighestControversyPerformance": {"min": 0, "avg": 1.6363636363636365, "max": 4}, "pesticides": false, "adult": false, "ratingYear": 2021, "maxAge": 86400, "percentile": 12.58, "peerGroup": "Technology Hardware", "smallArms": false, "peerEnvironmentPerformance": {"min": 0.11, "avg": 3.303148148148148, "max": 10.08}, "environmentScore": 0.29, "governancePercentile": null, "militaryContract": false}, "upgradeDowngradeHistory": {"history": [{"epochGradeDate": 1626778467, "firm": "UBS", "toGrade": "Buy", "fromGrade": "", "action": "main"}, {"epochGradeDate": 1626349391, "firm": "Morgan Stanley", "toGrade": "Overweight", "fromGrade": "", "action": "main"}, {"epochGradeDate": 1626273316, "firm": "JP Morgan", "toGrade": "Overweight", "fromGrade": "", "action": "main"}, {"epochGradeDate": 1625574471, "firm": "JP Morgan", "toGrade": "Overweight", "fromGrade": "", "action": "main"}, {"epochGradeDate": 1624534652, "firm": "Morgan Stanley", "toGrade": "Overweight", "fromGrade": "", "action": "main"}, {"epochGradeDate": 1622201116, "firm": "New Street Research", "toGrade": "Sell", "fromGrade": "Neutral", "action": "down"}, {"epochGradeDate": 1621421955, "firm": "Barclays", "toGrade": "Equal-Weight", "fromGrade": "", "action": "main"}, {"epochGradeDate": 1619704919, "firm": "Barclays", "toGrade": "Equal-Weight", "fromGrade": "", "action": "main"}, {"epochGradeDate": 1619703632, "firm": "Monness, Crespi, Hardt", "toGrade": "Buy", "fromGrade": "", "action": "main"}, {"epochGradeDate": 1619702406, "firm": "Credit Suisse", "toGrade": "Neutral", "fromGrade": "", "action": "main"}, {"epochGradeDate": 1619702264, "firm": "Canaccord Genuity", "toGrade": "Buy", "fromGrade": "", "action": "main"}, {"epochGradeDate": 1619699767, "firm": "Jefferies", "toGrade": "Buy", "fromGrade": "", "action": "main"}, {"epochGradeDate": 1619696667, "firm": "Wedbush", "toGrade": "Outperform", "fromGrade": "", "action": "main"}, {"epochGradeDate": 1619696654, "firm": "Morgan Stanley", "toGrade": "Overweight", "fromGrade": "", "action": "main"}, {"epochGradeDate": 1619695016, "firm": "Raymond James", "toGrade": "Outperform", "fromGrade": "", "action": "main"}, {"epochGradeDate": 1619691676, "firm": "Goldman Sachs", "toGrade": "Neutral", "fromGrade": "Sell", "action": "up"}, {"epochGradeDate": 1619008673, "firm": "Morgan Stanley", "toGrade": "Overweight", "fromGrade": "", "action": "main"}, {"epochGradeDate": 1618574119, "firm": "Morgan Stanley", "toGrade": "Overweight", "fromGrade": "", "action": "main"}, {"epochGradeDate": 1617712449, "firm": "Morgan Stanley", "toGrade": "Overweight", "fromGrade": "", "action": "main"}, {"epochGradeDate": 1617186491, "firm": "UBS", "toGrade": "Buy", "fromGrade": "Neutral", "action": "up"}, {"epochGradeDate": 1615899336, "firm": "Evercore ISI Group", "toGrade": "Outperform", "fromGrade": "", "action": "main"}, {"epochGradeDate": 1615380237, "firm": "Wedbush", "toGrade": "Outperform", "fromGrade": "", "action": "main"}, {"epochGradeDate": 1611860954, "firm": "DA Davidson", "toGrade": "Buy", "fromGrade": "", "action": "main"}, {"epochGradeDate": 1611860891, "firm": "Deutsche Bank", "toGrade": "Buy", "fromGrade": "", "action": "main"}, {"epochGradeDate": 1611860600, "firm": "Wells Fargo", "toGrade": "Overweight", "fromGrade": "", "action": "main"}, {"epochGradeDate": 1611860390, "firm": "Piper Sandler", "toGrade": "Overweight", "fromGrade": "", "action": "main"}, {"epochGradeDate": 1611858412, "firm": "Bernstein", "toGrade": "Market Perform", "fromGrade": "", "action": "main"}, {"epochGradeDate": 1611851505, "firm": "Credit Suisse", "toGrade": "Neutral", "fromGrade": "", "action": "main"}, {"epochGradeDate": 1611850956, "firm": "Canaccord Genuity", "toGrade": "Buy", "fromGrade": "", "action": "main"}, {"epochGradeDate": 1611836850, "firm": "Raymond James", "toGrade": "Outperform", "fromGrade": "", "action": "main"}, {"epochGradeDate": 1611833817, "firm": "Needham", "toGrade": "Buy", "fromGrade": "", "action": "main"}, {"epochGradeDate": 1611831612, "firm": "Morgan Stanley", "toGrade": "Overweight", "fromGrade": "", "action": "main"}, {"epochGradeDate": 1611675417, "firm": "Cascend", "toGrade": "Buy", "fromGrade": "", "action": "main"}, {"epochGradeDate": 1611590447, "firm": "Evercore ISI Group", "toGrade": "Outperform", "fromGrade": "", "action": "main"}, {"epochGradeDate": 1611579520, "firm": "Raymond James", "toGrade": "Outperform", "fromGrade": "", "action": "main"}, {"epochGradeDate": 1611575803, "firm": "Wedbush", "toGrade": "Outperform", "fromGrade": "", "action": "main"}, {"epochGradeDate": 1611332633, "firm": "Cowen & Co.", "toGrade": "Outperform", "fromGrade": "", "action": "main"}, {"epochGradeDate": 1611235125, "firm": "Morgan Stanley", "toGrade": "Overweight", "fromGrade": "", "action": "main"}, {"epochGradeDate": 1610646958, "firm": "Barclays", "toGrade": "Equal-Weight", "fromGrade": "", "action": "main"}, {"epochGradeDate": 1609860700, "firm": "Canaccord Genuity", "toGrade": "Buy", "fromGrade": "", "action": "main"}, {"epochGradeDate": 1609852008, "firm": "Credit Suisse", "toGrade": "Neutral", "fromGrade": "", "action": "main"}, {"epochGradeDate": 1608138724, "firm": "Morgan Stanley", "toGrade": "Overweight", "fromGrade": "", "action": "main"}, {"epochGradeDate": 1608050939, "firm": "Cascend", "toGrade": "Buy", "fromGrade": "", "action": "main"}, {"epochGradeDate": 1607507394, "firm": "Wedbush", "toGrade": "Outperform", "fromGrade": "", "action": "main"}, {"epochGradeDate": 1606736845, "firm": "Loop Capital", "toGrade": "Buy", "fromGrade": "Hold", "action": "up"}, {"epochGradeDate": 1604058086, "firm": "Raymond James", "toGrade": "Outperform", "fromGrade": "", "action": "main"}, {"epochGradeDate": 1603381766, "firm": "Piper Sandler", "toGrade": "Overweight", "fromGrade": "", "action": "main"}, {"epochGradeDate": 1602680086, "firm": "Credit Suisse", "toGrade": "Neutral", "fromGrade": "", "action": "main"}, {"epochGradeDate": 1602677246, "firm": "Morgan Stanley", "toGrade": "Overweight", "fromGrade": "", "action": "main"}, {"epochGradeDate": 1602501803, "firm": "RBC Capital", "toGrade": "Outperform", "fromGrade": "", "action": "main"}, {"epochGradeDate": 1600773847, "firm": "Raymond James", "toGrade": "Outperform", "fromGrade": "", "action": "main"}, {"epochGradeDate": 1600704155, "firm": "Citigroup", "toGrade": "Buy", "fromGrade": "", "action": "main"}, {"epochGradeDate": 1600354517, "firm": "Jefferies", "toGrade": "Buy", "fromGrade": "", "action": "main"}, {"epochGradeDate": 1600252401, "firm": "Needham", "toGrade": "Buy", "fromGrade": "", "action": "main"}, {"epochGradeDate": 1598975499, "firm": "B of A Securities", "toGrade": "Neutral", "fromGrade": "", "action": "main"}, {"epochGradeDate": 1598967450, "firm": "JP Morgan", "toGrade": "Overweight", "fromGrade": "", "action": "main"}, {"epochGradeDate": 1598964649, "firm": "Bank of America", "toGrade": "Neutral", "fromGrade": "", "action": "reit"}, {"epochGradeDate": 1598891072, "firm": "Argus Research", "toGrade": "Buy", "fromGrade": "", "action": "main"}, {"epochGradeDate": 1600906226, "firm": "Wedbush", "toGrade": "Outperform", "fromGrade": "", "action": "main"}, {"epochGradeDate": 1600093859, "firm": "Cowen & Co.", "toGrade": "Outperform", "fromGrade": "", "action": "main"}, {"epochGradeDate": 1598440842, "firm": "Wedbush", "toGrade": "Outperform", "fromGrade": "", "action": "main"}, {"epochGradeDate": 1600093876, "firm": "Morgan Stanley", "toGrade": "Overweight", "fromGrade": "", "action": "main"}, {"epochGradeDate": 1597049884, "firm": "Wedbush", "toGrade": "Outperform", "fromGrade": "", "action": "main"}, {"epochGradeDate": 1600094008, "firm": "Wells Fargo", "toGrade": "Overweight", "fromGrade": "", "action": "main"}, {"epochGradeDate": 1596640912, "firm": "B of A Securities", "toGrade": "Neutral", "fromGrade": "Buy", "action": "down"}, {"epochGradeDate": 1600094044, "firm": "Cascend", "toGrade": "Buy", "fromGrade": "", "action": "main"}, {"epochGradeDate": 1600094025, "firm": "Canaccord Genuity", "toGrade": "Buy", "fromGrade": "", "action": "main"}, {"epochGradeDate": 1600094176, "firm": "Credit Suisse", "toGrade": "Neutral", "fromGrade": "", "action": "main"}, {"epochGradeDate": 1596196215, "firm": "Morgan Stanley", "toGrade": "Overweight", "fromGrade": "", "action": "main"}, {"epochGradeDate": 1600094195, "firm": "Raymond James", "toGrade": "Outperform", "fromGrade": "", "action": "main"}, {"epochGradeDate": 1600094220, "firm": "UBS", "toGrade": "Buy", "fromGrade": "", "action": "main"}, {"epochGradeDate": 1600094157, "firm": "Citigroup", "toGrade": "Buy", "fromGrade": "", "action": "main"}, {"epochGradeDate": 1596193114, "firm": "Wedbush", "toGrade": "Outperform", "fromGrade": "", "action": "main"}, {"epochGradeDate": 1596033438, "firm": "Credit Suisse", "toGrade": "Neutral", "fromGrade": "", "action": "main"}, {"epochGradeDate": 1600094235, "firm": "Wolfe Research", "toGrade": "Underperform", "fromGrade": "", "action": "init"}, {"epochGradeDate": 1600851381, "firm": "Needham", "toGrade": "Buy", "fromGrade": "", "action": "main"}, {"epochGradeDate": 1594643534, "firm": "Morgan Stanley", "toGrade": "Overweight", "fromGrade": "", "action": "main"}, {"epochGradeDate": 1594640829, "firm": "Wedbush", "toGrade": "Outperform", "fromGrade": "", "action": "main"}, {"epochGradeDate": 1594134264, "firm": "Cascend", "toGrade": "Buy", "fromGrade": "", "action": "main"}, {"epochGradeDate": 1594122172, "firm": "Raymond James", "toGrade": "Outperform", "fromGrade": "", "action": "reit"}, {"epochGradeDate": 1593075631, "firm": "Wedbush", "toGrade": "Outperform", "fromGrade": "", "action": "main"}, {"epochGradeDate": 1592927509, "firm": "UBS", "toGrade": "Buy", "fromGrade": "", "action": "main"}, {"epochGradeDate": 1600851584, "firm": "Deutsche Bank", "toGrade": "Buy", "fromGrade": "", "action": "main"}, {"epochGradeDate": 1600851527, "firm": "Bernstein", "toGrade": "Market Perform", "fromGrade": "", "action": "main"}, {"epochGradeDate": 1600851467, "firm": "Baird", "toGrade": "Outperform", "fromGrade": "", "action": "main"}, {"epochGradeDate": 1592834830, "firm": "Cowen & Co.", "toGrade": "Outperform", "fromGrade": "", "action": "main"}, {"epochGradeDate": 1600851633, "firm": "RBC Capital", "toGrade": "Outperform", "fromGrade": "", "action": "main"}, {"epochGradeDate": 1592305727, "firm": "Citigroup", "toGrade": "Buy", "fromGrade": "", "action": "main"}, {"epochGradeDate": 1591877766, "firm": "B of A Securities", "toGrade": "Buy", "fromGrade": "", "action": "main"}, {"epochGradeDate": 1591877227, "firm": "Wells Fargo", "toGrade": "Overweight", "fromGrade": "", "action": "main"}, {"epochGradeDate": 1600851678, "firm": "HSBC", "toGrade": "Hold", "fromGrade": "Reduce", "action": "up"}, {"epochGradeDate": 1591787945, "firm": "Deutsche Bank", "toGrade": "Buy", "fromGrade": "", "action": "main"}, {"epochGradeDate": 1591360984, "firm": "Wedbush", "toGrade": "Outperform", "fromGrade": "", "action": "main"}, {"epochGradeDate": 1591360001, "firm": "Credit Suisse", "toGrade": "Neutral", "fromGrade": "", "action": "main"}, {"epochGradeDate": 1591186890, "firm": "Morgan Stanley", "toGrade": "Overweight", "fromGrade": "", "action": "main"}, {"epochGradeDate": 1590592939, "firm": "B of A Securities", "toGrade": "Buy", "fromGrade": "", "action": "main"}, {"epochGradeDate": 1590579446, "firm": "Deutsche Bank", "toGrade": "Buy", "fromGrade": "", "action": "main"}, {"epochGradeDate": 1589287398, "firm": "Wedbush", "toGrade": "Outperform", "fromGrade": "", "action": "main"}, {"epochGradeDate": 1600851757, "firm": "DA Davidson", "toGrade": "Buy", "fromGrade": "", "action": "main"}, {"epochGradeDate": 1588343611, "firm": "Canaccord Genuity", "toGrade": "Buy", "fromGrade": "", "action": "main"}, {"epochGradeDate": 1600851811, "firm": "Nomura Instinet", "toGrade": "Neutral", "fromGrade": "", "action": "main"}, {"epochGradeDate": 1588338287, "firm": "UBS", "toGrade": "Buy", "fromGrade": "", "action": "main"}, {"epochGradeDate": 1588334910, "firm": "B of A Securities", "toGrade": "Buy", "fromGrade": "", "action": "reit"}, {"epochGradeDate": 1588333230, "firm": "Raymond James", "toGrade": "Outperform", "fromGrade": "", "action": "main"}, {"epochGradeDate": 1588332696, "firm": "Morgan Stanley", "toGrade": "Overweight", "fromGrade": "", "action": "main"}, {"epochGradeDate": 1588330040, "firm": "JP Morgan", "toGrade": "Overweight", "fromGrade": "", "action": "main"}, {"epochGradeDate": 1588329932, "firm": "Cascend", "toGrade": "Buy", "fromGrade": "", "action": "main"}, {"epochGradeDate": 1600851878, "firm": "Piper Sandler", "toGrade": "Overweight", "fromGrade": "", "action": "main"}, {"epochGradeDate": 1588000956, "firm": "B of A Securities", "toGrade": "Buy", "fromGrade": "", "action": "reit"}, {"epochGradeDate": 1600851937, "firm": "Daiwa Capital", "toGrade": "Outperform", "fromGrade": "Buy", "action": "down"}, {"epochGradeDate": 1600852010, "firm": "Goldman Sachs", "toGrade": "Sell", "fromGrade": "Neutral", "action": "down"}, {"epochGradeDate": 1587045803, "firm": "Deutsche Bank", "toGrade": "Buy", "fromGrade": "", "action": "main"}, {"epochGradeDate": 1586780790, "firm": "Raymond James", "toGrade": "Outperform", "fromGrade": "", "action": "main"}, {"epochGradeDate": 1600852103, "firm": "Nomura", "toGrade": "Neutral", "fromGrade": "", "action": "main"}, {"epochGradeDate": 1586342706, "firm": "JP Morgan", "toGrade": "Overweight", "fromGrade": "", "action": "main"}, {"epochGradeDate": 1585921752, "firm": "Morgan Stanley", "toGrade": "Overweight", "fromGrade": "", "action": "main"}, {"epochGradeDate": 1585918030, "firm": "Credit Suisse", "toGrade": "Neutral", "fromGrade": "", "action": "main"}, {"epochGradeDate": 1585574431, "firm": "UBS", "toGrade": "Buy", "fromGrade": "", "action": "main"}, {"epochGradeDate": 1585126868, "firm": "Deutsche Bank", "toGrade": "Buy", "fromGrade": "Hold", "action": "up"}, {"epochGradeDate": 1584972742, "firm": "Nomura Instinet", "toGrade": "Neutral", "fromGrade": "", "action": "main"}, {"epochGradeDate": 1584622199, "firm": "Canaccord Genuity", "toGrade": "Buy", "fromGrade": "", "action": "main"}, {"epochGradeDate": 1600852201, "firm": "Jefferies", "toGrade": "Buy", "fromGrade": "", "action": "reit"}, {"epochGradeDate": 1584445232, "firm": "Morgan Stanley", "toGrade": "Overweight", "fromGrade": "", "action": "main"}, {"epochGradeDate": 1584091960, "firm": "Wells Fargo", "toGrade": "Overweight", "fromGrade": "Equal-Weight", "action": "up"}, {"epochGradeDate": 1583931745, "firm": "B of A Securities", "toGrade": "Buy", "fromGrade": "", "action": "reit"}, {"epochGradeDate": 1583838393, "firm": "UBS", "toGrade": "Buy", "fromGrade": "", "action": "main"}, {"epochGradeDate": 1583504673, "firm": "Deutsche Bank", "toGrade": "Hold", "fromGrade": "", "action": "main"}, {"epochGradeDate": 1583164940, "firm": "Cascend", "toGrade": "Buy", "fromGrade": "", "action": "reit"}, {"epochGradeDate": 1600852252, "firm": "Oppenheimer", "toGrade": "Outperform", "fromGrade": "Perform", "action": "up"}, {"epochGradeDate": 1582038187, "firm": "Canaccord Genuity", "toGrade": "Buy", "fromGrade": "", "action": "main"}, {"epochGradeDate": 1600852307, "firm": "Barclays", "toGrade": "Equal-Weight", "fromGrade": "", "action": "main"}, {"epochGradeDate": 1580403097, "firm": "B of A Securities", "toGrade": "Buy", "fromGrade": "Hold", "action": "up"}, {"epochGradeDate": 1580331257, "firm": "Cascend", "toGrade": "Buy", "fromGrade": "", "action": "reit"}, {"epochGradeDate": 1580308746, "firm": "DA Davidson", "toGrade": "Buy", "fromGrade": "", "action": "main"}, {"epochGradeDate": 1580308432, "firm": "Nomura", "toGrade": "Neutral", "fromGrade": "", "action": "main"}, {"epochGradeDate": 1580307676, "firm": "Goldman Sachs", "toGrade": "Neutral", "fromGrade": "", "action": "main"}, {"epochGradeDate": 1580306402, "firm": "Baird", "toGrade": "Outperform", "fromGrade": "", "action": "main"}, {"epochGradeDate": 1600852478, "firm": "Monness Crespi Hardt", "toGrade": "Buy", "fromGrade": "", "action": "main"}, {"epochGradeDate": 1580304713, "firm": "Deutsche Bank", "toGrade": "Hold", "fromGrade": "", "action": "main"}, {"epochGradeDate": 1580303871, "firm": "Wells Fargo", "toGrade": "Equal-Weight", "fromGrade": "", "action": "main"}, {"epochGradeDate": 1580303071, "firm": "Maxim Group", "toGrade": "Hold", "fromGrade": "Sell", "action": "up"}, {"epochGradeDate": 1580300797, "firm": "B of A Securities", "toGrade": "Buy", "fromGrade": "", "action": "reit"}, {"epochGradeDate": 1600852417, "firm": "Evercore ISI Group", "toGrade": "Outperform", "fromGrade": "", "action": "main"}, {"epochGradeDate": 1580299187, "firm": "JP Morgan", "toGrade": "Overweight", "fromGrade": "", "action": "main"}, {"epochGradeDate": 1580299080, "firm": "RBC Capital", "toGrade": "Outperform", "fromGrade": "", "action": "main"}, {"epochGradeDate": 1580298943, "firm": "Cowen & Co.", "toGrade": "Outperform", "fromGrade": "", "action": "main"}, {"epochGradeDate": 1580298857, "firm": "Credit Suisse", "toGrade": "Neutral", "fromGrade": "", "action": "main"}, {"epochGradeDate": 1580298497, "firm": "Raymond James", "toGrade": "Outperform", "fromGrade": "", "action": "main"}, {"epochGradeDate": 1580298235, "firm": "Citigroup", "toGrade": "Buy", "fromGrade": "", "action": "main"}, {"epochGradeDate": 1580296249, "firm": "Piper Sandler", "toGrade": "Overweight", "fromGrade": "", "action": "main"}, {"epochGradeDate": 1580139691, "firm": "Deutsche Bank", "toGrade": "Hold", "fromGrade": "", "action": "main"}, {"epochGradeDate": 1579874271, "firm": "Cowen & Co.", "toGrade": "Outperform", "fromGrade": "", "action": "main"}, {"epochGradeDate": 1579872378, "firm": "Wedbush", "toGrade": "Outperform", "fromGrade": "", "action": "main"}, {"epochGradeDate": 1600852532, "firm": "Rosenblatt", "toGrade": "Sell", "fromGrade": "", "action": "main"}, {"epochGradeDate": 1579781575, "firm": "B of A Securities", "toGrade": "Buy", "fromGrade": "", "action": "main"}, {"epochGradeDate": 1579266152, "firm": "Nomura Instinet", "toGrade": "Neutral", "fromGrade": "", "action": "main"}, {"epochGradeDate": 1579266002, "firm": "Morgan Stanley", "toGrade": "Overweight", "fromGrade": "", "action": "main"}, {"epochGradeDate": 1579097683, "firm": "Canaccord Genuity", "toGrade": "Buy", "fromGrade": "", "action": "main"}, {"epochGradeDate": 1579008922, "firm": "UBS", "toGrade": "Buy", "fromGrade": "", "action": "main"}, {"epochGradeDate": 1578999377, "firm": "Atlantic Equities", "toGrade": "Underweight", "fromGrade": "Neutral", "action": "down"}, {"epochGradeDate": 1578919407, "firm": "DA Davidson", "toGrade": "Buy", "fromGrade": "", "action": "main"}, {"epochGradeDate": 1578587232, "firm": "Jefferies", "toGrade": "Buy", "fromGrade": "", "action": "main"}, {"epochGradeDate": 1578333185, "firm": "Cascend", "toGrade": "Buy", "fromGrade": "", "action": "reit"}, {"epochGradeDate": 1578309326, "firm": "Needham", "toGrade": "Buy", "fromGrade": "Strong Buy", "action": "down"}, {"epochGradeDate": 1578056554, "firm": "Bank of America", "toGrade": "Buy", "fromGrade": "", "action": "main"}, {"epochGradeDate": 1578052680, "firm": "RBC Capital", "toGrade": "Outperform", "fromGrade": "", "action": "main"}, {"epochGradeDate": 1577102744, "firm": "Wedbush", "toGrade": "Outperform", "fromGrade": "", "action": "main"}, {"epochGradeDate": 1600852611, "firm": "PiperJaffray", "toGrade": "Outperform", "fromGrade": "", "action": "main"}, {"epochGradeDate": 1576593224, "firm": "Cowen & Co.", "toGrade": "Outperform", "fromGrade": "", "action": "main"}, {"epochGradeDate": 1576082563, "firm": "Evercore ISI Group", "toGrade": "Outperform", "fromGrade": "", "action": "main"}, {"epochGradeDate": 1600852643, "firm": "China Renaissance", "toGrade": "Buy", "fromGrade": "", "action": "init"}, {"epochGradeDate": 1575293584, "firm": "JP Morgan", "toGrade": "Overweight", "fromGrade": "", "action": "main"}, {"epochGradeDate": 1574779410, "firm": "Cascend", "toGrade": "Buy", "fromGrade": "", "action": "reit"}, {"epochGradeDate": 1573824097, "firm": "JP Morgan", "toGrade": "Overweight", "fromGrade": "", "action": "main"}, {"epochGradeDate": 1600852691, "firm": "Piper Jaffray", "toGrade": "Overweight", "fromGrade": "", "action": "main"}, {"epochGradeDate": 1573821426, "firm": "Wedbush", "toGrade": "Outperform", "fromGrade": "", "action": "main"}, {"epochGradeDate": 1573737763, "firm": "Maxim Group", "toGrade": "Sell", "fromGrade": "Hold", "action": "down"}, {"epochGradeDate": 1573645067, "firm": "RBC Capital", "toGrade": "Outperform", "fromGrade": "", "action": "init"}, {"epochGradeDate": 1572525663, "firm": "Cowen & Co.", "toGrade": "Outperform", "fromGrade": "", "action": "main"}, {"epochGradeDate": 1572525549, "firm": "Canaccord Genuity", "toGrade": "Buy", "fromGrade": "", "action": "main"}, {"epochGradeDate": 1572525478, "firm": "Wedbush", "toGrade": "Outperform", "fromGrade": "", "action": "main"}, {"epochGradeDate": 1572525345, "firm": "Barclays", "toGrade": "Equal-Weight", "fromGrade": "", "action": "main"}, {"epochGradeDate": 1572525197, "firm": "Piper Jaffray", "toGrade": "Overweight", "fromGrade": "", "action": "main"}, {"epochGradeDate": 1572525050, "firm": "DA Davidson", "toGrade": "Buy", "fromGrade": "", "action": "main"}, {"epochGradeDate": 1572523377, "firm": "Cascend", "toGrade": "Buy", "fromGrade": "", "action": "main"}, {"epochGradeDate": 1572523253, "firm": "Wells Fargo", "toGrade": "Market Perform", "fromGrade": "", "action": "main"}, {"epochGradeDate": 1572522557, "firm": "UBS", "toGrade": "Buy", "fromGrade": "", "action": "main"}, {"epochGradeDate": 1572522164, "firm": "Morgan Stanley", "toGrade": "Overweight", "fromGrade": "", "action": "main"}, {"epochGradeDate": 1572521765, "firm": "Nomura", "toGrade": "Neutral", "fromGrade": "", "action": "main"}, {"epochGradeDate": 1572274150, "firm": "Jefferies", "toGrade": "Buy", "fromGrade": "", "action": "main"}, {"epochGradeDate": 1572267400, "firm": "Bank of America", "toGrade": "Buy", "fromGrade": "", "action": "main"}, {"epochGradeDate": 1572266120, "firm": "Credit Suisse", "toGrade": "Neutral", "fromGrade": "", "action": "main"}, {"epochGradeDate": 1572003318, "firm": "Cascend", "toGrade": "Buy", "fromGrade": "", "action": "reit"}, {"epochGradeDate": 1571914427, "firm": "UBS", "toGrade": "Buy", "fromGrade": "", "action": "main"}, {"epochGradeDate": 1571831285, "firm": "Morgan Stanley", "toGrade": "Overweight", "fromGrade": "", "action": "main"}, {"epochGradeDate": 1571748256, "firm": "Deutsche Bank", "toGrade": "Hold", "fromGrade": "", "action": "main"}, {"epochGradeDate": 1571657574, "firm": "Raymond James", "toGrade": "Outperform", "fromGrade": "", "action": "main"}, {"epochGradeDate": 1571310952, "firm": "Barclays", "toGrade": "Equal-Weight", "fromGrade": "", "action": "main"}, {"epochGradeDate": 1570798705, "firm": "Wedbush", "toGrade": "Outperform", "fromGrade": "", "action": "main"}, {"epochGradeDate": 1600852744, "firm": "Longbow Research", "toGrade": "Buy", "fromGrade": "Neutral", "action": "up"}, {"epochGradeDate": 1570623283, "firm": "Canaccord Genuity", "toGrade": "Buy", "fromGrade": "", "action": "main"}, {"epochGradeDate": 1570446541, "firm": "Nomura", "toGrade": "Neutral", "fromGrade": "", "action": "main"}, {"epochGradeDate": 1569845948, "firm": "JP Morgan", "toGrade": "Overweight", "fromGrade": "", "action": "main"}, {"epochGradeDate": 1568980737, "firm": "Cascend", "toGrade": "Buy", "fromGrade": "", "action": "reit"}, {"epochGradeDate": 1568379122, "firm": "Goldman Sachs", "toGrade": "Neutral", "fromGrade": "", "action": "main"}, {"epochGradeDate": 1568204628, "firm": "Needham", "toGrade": "Strong Buy", "fromGrade": "", "action": "main"}, {"epochGradeDate": 1568203989, "firm": "Barclays", "toGrade": "Equal-Weight", "fromGrade": "", "action": "main"}, {"epochGradeDate": 1568203087, "firm": "Bank of America", "toGrade": "Buy", "fromGrade": "", "action": "reit"}, {"epochGradeDate": 1565263607, "firm": "Barclays", "toGrade": "Equal-Weight", "fromGrade": "", "action": "init"}, {"epochGradeDate": 1564581321, "firm": "Deutsche Bank", "toGrade": "Hold", "fromGrade": "", "action": "main"}, {"epochGradeDate": 1564580376, "firm": "Bank of America", "toGrade": "Buy", "fromGrade": "", "action": "main"}, {"epochGradeDate": 1564580256, "firm": "Citigroup", "toGrade": "Buy", "fromGrade": "", "action": "main"}, {"epochGradeDate": 1564580012, "firm": "Cowen & Co.", "toGrade": "Outperform", "fromGrade": "", "action": "main"}, {"epochGradeDate": 1564579927, "firm": "Piper Jaffray", "toGrade": "Overweight", "fromGrade": "", "action": "main"}, {"epochGradeDate": 1564579259, "firm": "Canaccord Genuity", "toGrade": "Buy", "fromGrade": "", "action": "main"}, {"epochGradeDate": 1564577418, "firm": "Nomura", "toGrade": "Neutral", "fromGrade": "", "action": "main"}, {"epochGradeDate": 1564577194, "firm": "Wedbush", "toGrade": "Outperform", "fromGrade": "", "action": "main"}, {"epochGradeDate": 1564400527, "firm": "UBS", "toGrade": "Buy", "fromGrade": "", "action": "main"}, {"epochGradeDate": 1563801050, "firm": "Morgan Stanley", "toGrade": "Overweight", "fromGrade": "", "action": "main"}, {"epochGradeDate": 1563540475, "firm": "Nomura", "toGrade": "Neutral", "fromGrade": "", "action": "main"}, {"epochGradeDate": 1563445826, "firm": "Raymond James", "toGrade": "Outperform", "fromGrade": "Market Perform", "action": "up"}, {"epochGradeDate": 1563368863, "firm": "Goldman Sachs", "toGrade": "Neutral", "fromGrade": "", "action": "main"}, {"epochGradeDate": 1562671254, "firm": "JP Morgan", "toGrade": "Overweight", "fromGrade": "", "action": "main"}, {"epochGradeDate": 1562583215, "firm": "Rosenblatt", "toGrade": "Sell", "fromGrade": "Neutral", "action": "down"}, {"epochGradeDate": 1561025984, "firm": "Deutsche Bank", "toGrade": "Hold", "fromGrade": "", "action": "init"}, {"epochGradeDate": 1559821310, "firm": "Evercore ISI Group", "toGrade": "Outperform", "fromGrade": "", "action": "init"}, {"epochGradeDate": 1559646597, "firm": "Canaccord Genuity", "toGrade": "Buy", "fromGrade": "", "action": "main"}, {"epochGradeDate": 1559223293, "firm": "Morgan Stanley", "toGrade": "Overweight", "fromGrade": "", "action": "main"}, {"epochGradeDate": 1559215442, "firm": "Morgan Stanley", "toGrade": "Overweight", "fromGrade": "", "action": "main"}, {"epochGradeDate": 1600852796, "firm": "Citi", "toGrade": "Buy", "fromGrade": "", "action": "main"}, {"epochGradeDate": 1558617874, "firm": "UBS", "toGrade": "Buy", "fromGrade": "", "action": "main"}, {"epochGradeDate": 1558094545, "firm": "Nomura", "toGrade": "Neutral", "fromGrade": "", "action": "main"}, {"epochGradeDate": 1556714284, "firm": "Wells Fargo", "toGrade": "Market Perform", "fromGrade": "Market Perform", "action": "main"}, {"epochGradeDate": 1556714125, "firm": "Morgan Stanley", "toGrade": "Overweight", "fromGrade": "Overweight", "action": "main"}, {"epochGradeDate": 1556713915, "firm": "Wedbush", "toGrade": "Outperform", "fromGrade": "Outperform", "action": "main"}, {"epochGradeDate": 1556713327, "firm": "Bank of America", "toGrade": "Buy", "fromGrade": "Buy", "action": "main"}, {"epochGradeDate": 1556712776, "firm": "Canaccord Genuity", "toGrade": "Buy", "fromGrade": "Buy", "action": "main"}, {"epochGradeDate": 1556200520, "firm": "UBS", "toGrade": "Buy", "fromGrade": "Buy", "action": "main"}, {"epochGradeDate": 1556105557, "firm": "Morgan Stanley", "toGrade": "Overweight", "fromGrade": "Overweight", "action": "main"}, {"epochGradeDate": 1554984553, "firm": "Credit Suisse", "toGrade": "Neutral", "fromGrade": "", "action": "init"}, {"epochGradeDate": 1554911198, "firm": "Bank of America", "toGrade": "Buy", "fromGrade": "Buy", "action": "reit"}, {"epochGradeDate": 1554892058, "firm": "HSBC", "toGrade": "Reduce", "fromGrade": "Hold", "action": "down"}, {"epochGradeDate": 1553603238, "firm": "UBS", "toGrade": "Buy", "fromGrade": "Buy", "action": "main"}, {"epochGradeDate": 1553601606, "firm": "Baird", "toGrade": "Outperform", "fromGrade": "Outperform", "action": "main"}, {"epochGradeDate": 1553601624, "firm": "Canaccord Genuity", "toGrade": "Buy", "fromGrade": "Buy", "action": "main"}, {"epochGradeDate": 1553598279, "firm": "Morgan Stanley", "toGrade": "Overweight", "fromGrade": "Overweight", "action": "main"}, {"epochGradeDate": 1553170778, "firm": "Citigroup", "toGrade": "Buy", "fromGrade": "Buy", "action": "reit"}, {"epochGradeDate": 1553169095, "firm": "Wedbush", "toGrade": "Outperform", "fromGrade": "Outperform", "action": "main"}, {"epochGradeDate": 1553168903, "firm": "Needham", "toGrade": "Strong Buy", "fromGrade": "Buy", "action": "up"}, {"epochGradeDate": 1552562896, "firm": "Cowen & Co.", "toGrade": "Outperform", "fromGrade": "", "action": "init"}, {"epochGradeDate": 1552301291, "firm": "Bank of America", "toGrade": "Buy", "fromGrade": "Neutral", "action": "up"}, {"epochGradeDate": 1548857684, "firm": "Bank of America", "toGrade": "Neutral", "fromGrade": "Neutral", "action": "reit"}, {"epochGradeDate": 1548852915, "firm": "Citigroup", "toGrade": "Buy", "fromGrade": "Buy", "action": "reit"}, {"epochGradeDate": 1548852804, "firm": "Morgan Stanley", "toGrade": "Overweight", "fromGrade": "Overweight", "action": "main"}, {"epochGradeDate": 1600852845, "firm": "BMO Capital", "toGrade": "Market Perform", "fromGrade": "Market Perform", "action": "main"}, {"epochGradeDate": 1548852384, "firm": "Canaccord Genuity", "toGrade": "Buy", "fromGrade": "Buy", "action": "main"}, {"epochGradeDate": 1548852155, "firm": "UBS", "toGrade": "Buy", "fromGrade": "Buy", "action": "main"}, {"epochGradeDate": 1548851774, "firm": "Nomura", "toGrade": "Neutral", "fromGrade": "Neutral", "action": "main"}, {"epochGradeDate": 1546604871, "firm": "Citigroup", "toGrade": "Buy", "fromGrade": "Buy", "action": "main"}, {"epochGradeDate": 1546529693, "firm": "Nomura", "toGrade": "Neutral", "fromGrade": "Neutral", "action": "main"}, {"epochGradeDate": 1546527496, "firm": "Canaccord Genuity", "toGrade": "Buy", "fromGrade": "Buy", "action": "main"}, {"epochGradeDate": 1546526090, "firm": "Baird", "toGrade": "Outperform", "fromGrade": "Outperform", "action": "main"}, {"epochGradeDate": 1546522838, "firm": "Wedbush", "toGrade": "Outperform", "fromGrade": "Outperform", "action": "main"}, {"epochGradeDate": 1546522106, "firm": "Morgan Stanley", "toGrade": "Overweight", "fromGrade": "Overweight", "action": "main"}, {"epochGradeDate": 1546521397, "firm": "Wells Fargo", "toGrade": "Market Perform", "fromGrade": "Market Perform", "action": "reit"}, {"epochGradeDate": 1546520412, "firm": "Bank of America", "toGrade": "Neutral", "fromGrade": "Neutral", "action": "reit"}, {"epochGradeDate": 1546518628, "firm": "Macquarie", "toGrade": "Neutral", "fromGrade": "Outperform", "action": "down"}, {"epochGradeDate": 1546517279, "firm": "Citigroup", "toGrade": "Buy", "fromGrade": "Buy", "action": "main"}, {"epochGradeDate": 1544789641, "firm": "DA Davidson", "toGrade": "Buy", "fromGrade": "Buy", "action": "reit"}, {"epochGradeDate": 1544456194, "firm": "Citigroup", "toGrade": "Buy", "fromGrade": "Buy", "action": "main"}, {"epochGradeDate": 1544186436, "firm": "Morgan Stanley", "toGrade": "Overweight", "fromGrade": "Overweight", "action": "main"}, {"epochGradeDate": 1544100857, "firm": "Rosenblatt", "toGrade": "Neutral", "fromGrade": "", "action": "main"}, {"epochGradeDate": 1543921266, "firm": "HSBC", "toGrade": "Hold", "fromGrade": "Buy", "action": "down"}, {"epochGradeDate": 1543501386, "firm": "Canaccord Genuity", "toGrade": "Buy", "fromGrade": "Buy", "action": "main"}, {"epochGradeDate": 1542716841, "firm": "Goldman Sachs", "toGrade": "Neutral", "fromGrade": "", "action": "reit"}, {"epochGradeDate": 1542205921, "firm": "UBS", "toGrade": "Buy", "fromGrade": "Buy", "action": "main"}, {"epochGradeDate": 1542196244, "firm": "Guggenheim", "toGrade": "Neutral", "fromGrade": "Buy", "action": "down"}, {"epochGradeDate": 1541697950, "firm": "Morgan Stanley", "toGrade": "Overweight", "fromGrade": "Overweight", "action": "main"}, {"epochGradeDate": 1541180307, "firm": "Baird", "toGrade": "Outperform", "fromGrade": "Outperform", "action": "main"}, {"epochGradeDate": 1541177562, "firm": "JP Morgan", "toGrade": "Overweight", "fromGrade": "Overweight", "action": "main"}, {"epochGradeDate": 1541175019, "firm": "Nomura", "toGrade": "Neutral", "fromGrade": "Neutral", "action": "main"}, {"epochGradeDate": 1541171299, "firm": "BMO Capital", "toGrade": "Market Perform", "fromGrade": "Market Perform", "action": "main"}, {"epochGradeDate": 1541172522, "firm": "Citigroup", "toGrade": "Buy", "fromGrade": "Buy", "action": "main"}, {"epochGradeDate": 1541162415, "firm": "Bank of America", "toGrade": "Neutral", "fromGrade": "Buy", "action": "down"}, {"epochGradeDate": 1540807995, "firm": "Jefferies", "toGrade": "Buy", "fromGrade": "", "action": "init"}, {"epochGradeDate": 1539942849, "firm": "Wedbush", "toGrade": "Outperform", "fromGrade": "", "action": "init"}, {"epochGradeDate": 1538135967, "firm": "Nomura", "toGrade": "Neutral", "fromGrade": "Neutral", "action": "main"}, {"epochGradeDate": 1538044957, "firm": "JP Morgan", "toGrade": "Overweight", "fromGrade": "", "action": "init"}, {"epochGradeDate": 1536858292, "firm": "Bank of America", "toGrade": "Buy", "fromGrade": "Buy", "action": "main"}, {"epochGradeDate": 1536840348, "firm": "Morgan Stanley", "toGrade": "Overweight", "fromGrade": "Overweight", "action": "main"}, {"epochGradeDate": 1536151439, "firm": "DA Davidson", "toGrade": "Buy", "fromGrade": "Buy", "action": "main"}, {"epochGradeDate": 1536146428, "firm": "Morgan Stanley", "toGrade": "Overweight", "fromGrade": "Overweight", "action": "main"}, {"epochGradeDate": 1536060674, "firm": "Canaccord Genuity", "toGrade": "Buy", "fromGrade": "Buy", "action": "main"}, {"epochGradeDate": 1535716308, "firm": "Nomura", "toGrade": "Neutral", "fromGrade": "Neutral", "action": "main"}, {"epochGradeDate": 1534864609, "firm": "Bank of America", "toGrade": "Buy", "fromGrade": "Buy", "action": "main"}, {"epochGradeDate": 1533219243, "firm": "Citigroup", "toGrade": "Buy", "fromGrade": "Buy", "action": "main"}, {"epochGradeDate": 1533131134, "firm": "Canaccord Genuity", "toGrade": "Buy", "fromGrade": "Buy", "action": "main"}, {"epochGradeDate": 1533130608, "firm": "BMO Capital", "toGrade": "Market Perform", "fromGrade": "Market Perform", "action": "main"}, {"epochGradeDate": 1533126808, "firm": "Deutsche Bank", "toGrade": "Hold", "fromGrade": "Hold", "action": "main"}, {"epochGradeDate": 1532433896, "firm": "Morgan Stanley", "toGrade": "Overweight", "fromGrade": "Overweight", "action": "main"}, {"epochGradeDate": 1532347452, "firm": "BMO Capital", "toGrade": "Market Perform", "fromGrade": "Market Perform", "action": "main"}, {"epochGradeDate": 1600852901, "firm": "Argus", "toGrade": "Buy", "fromGrade": "Buy", "action": "main"}, {"epochGradeDate": 1527683088, "firm": "Maxim Group", "toGrade": "Hold", "fromGrade": "Buy", "action": "down"}, {"epochGradeDate": 1527165878, "firm": "Morgan Stanley", "toGrade": "Overweight", "fromGrade": "Overweight", "action": "main"}, {"epochGradeDate": 1525268138, "firm": "BMO Capital", "toGrade": "Market Perform", "fromGrade": "Market Perform", "action": "main"}, {"epochGradeDate": 1525263735, "firm": "Barclays", "toGrade": "Equal-Weight", "fromGrade": "Equal-Weight", "action": "main"}, {"epochGradeDate": 1525121537, "firm": "DA Davidson", "toGrade": "Buy", "fromGrade": "", "action": "init"}, {"epochGradeDate": 1525088374, "firm": "Barclays", "toGrade": "Equal-Weight", "fromGrade": "Equal-Weight", "action": "main"}, {"epochGradeDate": 1524225270, "firm": "Morgan Stanley", "toGrade": "Overweight", "fromGrade": "Overweight", "action": "main"}, {"epochGradeDate": 1523452239, "firm": "Monness Crespi Hardt", "toGrade": "Buy", "fromGrade": "", "action": "init"}, {"epochGradeDate": 1521218700, "firm": "Barclays", "toGrade": "Equal-Weight", "fromGrade": "Equal-Weight", "action": "main"}, {"epochGradeDate": 1518011418, "firm": "Goldman Sachs", "toGrade": "Neutral", "fromGrade": "", "action": "init"}, {"epochGradeDate": 1517854038, "firm": "Hilliard Lyons", "toGrade": "Buy", "fromGrade": "Long-Term Buy", "action": "up"}, {"epochGradeDate": 1517587363, "firm": "Maxim Group", "toGrade": "Buy", "fromGrade": "Buy", "action": "main"}, {"epochGradeDate": 1517584239, "firm": "Barclays", "toGrade": "Equal-Weight", "fromGrade": "Equal-Weight", "action": "main"}, {"epochGradeDate": 1517582702, "firm": "BMO Capital", "toGrade": "Market Perform", "fromGrade": "Market Perform", "action": "main"}, {"epochGradeDate": 1517580813, "firm": "Morgan Stanley", "toGrade": "Overweight", "fromGrade": "Overweight", "action": "main"}, {"epochGradeDate": 1517575076, "firm": "Bernstein", "toGrade": "Market Perform", "fromGrade": "Outperform", "action": "down"}, {"epochGradeDate": 1600852944, "firm": "KeyBanc", "toGrade": "Sector Weight", "fromGrade": "Overweight", "action": "down"}, {"epochGradeDate": 1517405612, "firm": "Loop Capital", "toGrade": "Buy", "fromGrade": "Buy", "action": "main"}, {"epochGradeDate": 1517399718, "firm": "BMO Capital", "toGrade": "Market Perform", "fromGrade": "Outperform", "action": "down"}, {"epochGradeDate": 1516890134, "firm": "Morgan Stanley", "toGrade": "Overweight", "fromGrade": "Overweight", "action": "main"}, {"epochGradeDate": 1516707342, "firm": "Morgan Stanley", "toGrade": "Overweight", "fromGrade": "Overweight", "action": "main"}, {"epochGradeDate": 1516627027, "firm": "Atlantic Equities", "toGrade": "Neutral", "fromGrade": "Overweight", "action": "down"}, {"epochGradeDate": 1516187743, "firm": "Longbow Research", "toGrade": "Neutral", "fromGrade": "Buy", "action": "down"}, {"epochGradeDate": 1513683133, "firm": "Instinet", "toGrade": "Neutral", "fromGrade": "Buy", "action": "down"}, {"epochGradeDate": 1509972033, "firm": "Argus", "toGrade": "Buy", "fromGrade": "", "action": "main"}, {"epochGradeDate": 1509735890, "firm": "Bernstein", "toGrade": "Outperform", "fromGrade": "", "action": "main"}, {"epochGradeDate": 1509733825, "firm": "Citigroup", "toGrade": "Buy", "fromGrade": "", "action": "main"}, {"epochGradeDate": 1509733513, "firm": "UBS", "toGrade": "Buy", "fromGrade": "", "action": "main"}, {"epochGradeDate": 1509732494, "firm": "BMO Capital", "toGrade": "Outperform", "fromGrade": "", "action": "main"}, {"epochGradeDate": 1509731116, "firm": "Morgan Stanley", "toGrade": "Overweight", "fromGrade": "", "action": "main"}, {"epochGradeDate": 1509728968, "firm": "Canaccord Genuity", "toGrade": "Buy", "fromGrade": "", "action": "main"}, {"epochGradeDate": 1509725564, "firm": "Loop Capital", "toGrade": "Buy", "fromGrade": "", "action": "main"}, {"epochGradeDate": 1509724795, "firm": "Baird", "toGrade": "Outperform", "fromGrade": "", "action": "main"}, {"epochGradeDate": 1509713590, "firm": "Rosenblatt", "toGrade": "Buy", "fromGrade": "Neutral", "action": "up"}, {"epochGradeDate": 1508948056, "firm": "HSBC", "toGrade": "Buy", "fromGrade": "", "action": "init"}, {"epochGradeDate": 1508163346, "firm": "KeyBanc", "toGrade": "Overweight", "fromGrade": "Sector Weight", "action": "up"}, {"epochGradeDate": 1507913671, "firm": "Barclays", "toGrade": "Equal-Weight", "fromGrade": "", "action": "main"}, {"epochGradeDate": 1506102539, "firm": "PiperJaffray", "toGrade": "Overweight", "fromGrade": "Overweight", "action": "main"}, {"epochGradeDate": 1505824605, "firm": "Morgan Stanley", "toGrade": "Overweight", "fromGrade": "", "action": "main"}, {"epochGradeDate": 1504711707, "firm": "Nomura", "toGrade": "Buy", "fromGrade": "", "action": "main"}, {"epochGradeDate": 1501779368, "firm": "Nomura", "toGrade": "Buy", "fromGrade": "", "action": "main"}, {"epochGradeDate": 1501702167, "firm": "Barclays", "toGrade": "Equal-Weight", "fromGrade": "", "action": "main"}, {"epochGradeDate": 1501694630, "firm": "Deutsche Bank", "toGrade": "Hold", "fromGrade": "", "action": "main"}, {"epochGradeDate": 1501691589, "firm": "BMO Capital", "toGrade": "Outperform", "fromGrade": "", "action": "main"}, {"epochGradeDate": 1501685082, "firm": "UBS", "toGrade": "Buy", "fromGrade": "", "action": "main"}, {"epochGradeDate": 1500931842, "firm": "Loop Capital", "toGrade": "Buy", "fromGrade": "", "action": "init"}, {"epochGradeDate": 1500310250, "firm": "Morgan Stanley", "toGrade": "Overweight", "fromGrade": "", "action": "main"}, {"epochGradeDate": 1600853137, "firm": "Mizuho", "toGrade": "Neutral", "fromGrade": "Buy", "action": "down"}, {"epochGradeDate": 1600853555, "firm": "Pacific Crest", "toGrade": "Sector Weight", "fromGrade": "Overweight", "action": "down"}, {"epochGradeDate": 1492636401, "firm": "Morgan Stanley", "toGrade": "Overweight", "fromGrade": "Overweight", "action": "main"}, {"epochGradeDate": 1492514749, "firm": "Credit Suisse", "toGrade": "Outperform", "fromGrade": "Outperform", "action": "main"}, {"epochGradeDate": 1491315909, "firm": "Pacific Crest", "toGrade": "Overweight", "fromGrade": "", "action": "main"}, {"epochGradeDate": 1490375222, "firm": "Nomura", "toGrade": "Buy", "fromGrade": "", "action": "main"}, {"epochGradeDate": 1490375131, "firm": "Needham", "toGrade": "Buy", "fromGrade": "Strong Buy", "action": "down"}, {"epochGradeDate": 1490101787, "firm": "Bernstein", "toGrade": "Outperform", "fromGrade": "Outperform", "action": "main"}, {"epochGradeDate": 1488806760, "firm": "Citigroup", "toGrade": "Buy", "fromGrade": "", "action": "main"}, {"epochGradeDate": 1600853202, "firm": "BTIG Research", "toGrade": "Buy", "fromGrade": "Buy", "action": "main"}, {"epochGradeDate": 1485255502, "firm": "Barclays", "toGrade": "Equal-Weight", "fromGrade": "Overweight", "action": "down"}, {"epochGradeDate": 1484834729, "firm": "OTR Global", "toGrade": "Negative", "fromGrade": "", "action": "down"}, {"epochGradeDate": 1483540126, "firm": "Guggenheim", "toGrade": "Buy", "fromGrade": "", "action": "init"}, {"epochGradeDate": 1477477294, "firm": "Goldman Sachs", "toGrade": "Buy", "fromGrade": "", "action": "main"}, {"epochGradeDate": 1476264928, "firm": "UBS", "toGrade": "Buy", "fromGrade": "", "action": "main"}, {"epochGradeDate": 1475216023, "firm": "Citigroup", "toGrade": "Buy", "fromGrade": "", "action": "main"}, {"epochGradeDate": 1475122669, "firm": "Barclays", "toGrade": "Overweight", "fromGrade": "", "action": "main"}, {"epochGradeDate": 1474527324, "firm": "RBC Capital", "toGrade": "Outperform", "fromGrade": "", "action": "main"}, {"epochGradeDate": 1474525376, "firm": "Nomura", "toGrade": "Buy", "fromGrade": "", "action": "main"}, {"epochGradeDate": 1600853272, "firm": "CLSA", "toGrade": "Buy", "fromGrade": "", "action": "main"}, {"epochGradeDate": 1473927008, "firm": "Credit Suisse", "toGrade": "Outperform", "fromGrade": "", "action": "main"}, {"epochGradeDate": 1473926891, "firm": "BTIG Research", "toGrade": "Buy", "fromGrade": "", "action": "main"}, {"epochGradeDate": 1473840705, "firm": "Morgan Stanley", "toGrade": "Outperform", "fromGrade": "", "action": "main"}, {"epochGradeDate": 1473754262, "firm": "Goldman Sachs", "toGrade": "Buy", "fromGrade": "", "action": "main"}, {"epochGradeDate": 1473325983, "firm": "Macquarie", "toGrade": "Outperform", "fromGrade": "", "action": "main"}, {"epochGradeDate": 1473325923, "firm": "Pacific Crest", "toGrade": "Outperform", "fromGrade": "", "action": "main"}, {"epochGradeDate": 1473325793, "firm": "William Blair", "toGrade": "Outperform", "fromGrade": "", "action": "main"}, {"epochGradeDate": 1473323920, "firm": "Deutsche Bank", "toGrade": "Hold", "fromGrade": "", "action": "main"}, {"epochGradeDate": 1473320518, "firm": "Stifel Nicolaus", "toGrade": "Buy", "fromGrade": "", "action": "main"}, {"epochGradeDate": 1473320491, "firm": "JP Morgan", "toGrade": "Overweight", "fromGrade": "", "action": "main"}, {"epochGradeDate": 1473320310, "firm": "Nomura", "toGrade": "Buy", "fromGrade": "", "action": "main"}, {"epochGradeDate": 1473320301, "firm": "Oppenheimer", "toGrade": "Perform", "fromGrade": "", "action": "main"}, {"epochGradeDate": 1473320287, "firm": "Bernstein", "toGrade": "Outperform", "fromGrade": "", "action": "main"}, {"epochGradeDate": 1473315506, "firm": "Drexel Hamilton", "toGrade": "Buy", "fromGrade": "", "action": "main"}, {"epochGradeDate": 1473315385, "firm": "Goldman Sachs", "toGrade": "Buy", "fromGrade": "", "action": "main"}, {"epochGradeDate": 1473315349, "firm": "UBS", "toGrade": "Buy", "fromGrade": "", "action": "main"}, {"epochGradeDate": 1473315332, "firm": "Citigroup", "toGrade": "Buy", "fromGrade": "", "action": "main"}, {"epochGradeDate": 1473315316, "firm": "Morgan Stanley", "toGrade": "Overweight", "fromGrade": "", "action": "main"}, {"epochGradeDate": 1473310388, "firm": "Wells Fargo", "toGrade": "Market Perform", "fromGrade": "Outperform", "action": "down"}, {"epochGradeDate": 1470918588, "firm": "RBC Capital", "toGrade": "Outperform", "fromGrade": "", "action": "main"}, {"epochGradeDate": 1470119819, "firm": "Daiwa Capital", "toGrade": "Outperform", "fromGrade": "Buy", "action": "down"}, {"epochGradeDate": 1469686498, "firm": "Hilliard Lyons", "toGrade": "Buy", "fromGrade": "Long-Term Buy", "action": "up"}, {"epochGradeDate": 1469628109, "firm": "JP Morgan", "toGrade": "Overweight", "fromGrade": "", "action": "main"}, {"epochGradeDate": 1469621172, "firm": "Citigroup", "toGrade": "Buy", "fromGrade": "", "action": "main"}, {"epochGradeDate": 1469606555, "firm": "BMO Capital", "toGrade": "Outperform", "fromGrade": "", "action": "main"}, {"epochGradeDate": 1469605862, "firm": "Drexel Hamilton", "toGrade": "Buy", "fromGrade": "", "action": "main"}, {"epochGradeDate": 1469605736, "firm": "RBC Capital", "toGrade": "Outperform", "fromGrade": "", "action": "main"}, {"epochGradeDate": 1469601397, "firm": "Morgan Stanley", "toGrade": "Overweight", "fromGrade": "", "action": "main"}, {"epochGradeDate": 1469601240, "firm": "Credit Suisse", "toGrade": "Outperform", "fromGrade": "", "action": "main"}, {"epochGradeDate": 1469600753, "firm": "Raymond James", "toGrade": "Outperform", "fromGrade": "Market Perform", "action": "up"}, {"epochGradeDate": 1469598900, "firm": "Brean Capital", "toGrade": "Buy", "fromGrade": "", "action": "main"}, {"epochGradeDate": 1469598854, "firm": "UBS", "toGrade": "Buy", "fromGrade": "", "action": "main"}, {"epochGradeDate": 1469593715, "firm": "BTIG Research", "toGrade": "Buy", "fromGrade": "", "action": "main"}, {"epochGradeDate": 1469513099, "firm": "UBS", "toGrade": "Buy", "fromGrade": "", "action": "main"}, {"epochGradeDate": 1468566104, "firm": "Barclays", "toGrade": "Overweight", "fromGrade": "", "action": "main"}, {"epochGradeDate": 1467792608, "firm": "Longbow Research", "toGrade": "Buy", "fromGrade": "", "action": "init"}, {"epochGradeDate": 1464839893, "firm": "Goldman Sachs", "toGrade": "Buy", "fromGrade": "", "action": "main"}, {"epochGradeDate": 1462949428, "firm": "UBS", "toGrade": "Buy", "fromGrade": "", "action": "main"}, {"epochGradeDate": 1461752673, "firm": "RBC Capital", "toGrade": "Outperform", "fromGrade": "", "action": "main"}, {"epochGradeDate": 1461752232, "firm": "PiperJaffray", "toGrade": "Overweight", "fromGrade": "", "action": "main"}, {"epochGradeDate": 1461752175, "firm": "Nomura", "toGrade": "Buy", "fromGrade": "", "action": "main"}, {"epochGradeDate": 1600853329, "firm": "FBN Securities", "toGrade": "Outperform", "fromGrade": "", "action": "main"}, {"epochGradeDate": 1461747765, "firm": "CLSA", "toGrade": "Buy", "fromGrade": "", "action": "main"}, {"epochGradeDate": 1461745574, "firm": "Morgan Stanley", "toGrade": "Overweight", "fromGrade": "", "action": "main"}, {"epochGradeDate": 1461745530, "firm": "Pacific Crest", "toGrade": "Overweight", "fromGrade": "", "action": "main"}, {"epochGradeDate": 1461745493, "firm": "Baird", "toGrade": "Outperform", "fromGrade": "", "action": "main"}, {"epochGradeDate": 1461744879, "firm": "Maxim Group", "toGrade": "Buy", "fromGrade": "", "action": "main"}, {"epochGradeDate": 1461742194, "firm": "Cowen & Co.", "toGrade": "Outperform", "fromGrade": "", "action": "main"}, {"epochGradeDate": 1461741442, "firm": "Goldman Sachs", "toGrade": "Buy", "fromGrade": "", "action": "main"}, {"epochGradeDate": 1461741422, "firm": "Macquarie", "toGrade": "Buy", "fromGrade": "", "action": "main"}, {"epochGradeDate": 1461741384, "firm": "Oppenheimer", "toGrade": "Perform", "fromGrade": "Outperform", "action": "down"}, {"epochGradeDate": 1461737686, "firm": "Citigroup", "toGrade": "Buy", "fromGrade": "", "action": "main"}, {"epochGradeDate": 1461737642, "firm": "Barclays", "toGrade": "Overweight", "fromGrade": "", "action": "main"}, {"epochGradeDate": 1461736586, "firm": "Brean Capital", "toGrade": "Buy", "fromGrade": "", "action": "main"}, {"epochGradeDate": 1461712530, "firm": "PiperJaffray", "toGrade": "Overweight", "fromGrade": "", "action": "main"}, {"epochGradeDate": 1461711804, "firm": "BTIG Research", "toGrade": "Buy", "fromGrade": "", "action": "main"}, {"epochGradeDate": 1461126261, "firm": "Barclays", "toGrade": "Overweight", "fromGrade": "", "action": "main"}, {"epochGradeDate": 1460012964, "firm": "BTIG Research", "toGrade": "Buy", "fromGrade": "", "action": "main"}, {"epochGradeDate": 1459924246, "firm": "Needham", "toGrade": "Strong Buy", "fromGrade": "", "action": "init"}, {"epochGradeDate": 1459752399, "firm": "Credit Suisse", "toGrade": "Outperform", "fromGrade": "", "action": "main"}, {"epochGradeDate": 1459748812, "firm": "Brean Capital", "toGrade": "Buy", "fromGrade": "", "action": "main"}, {"epochGradeDate": 1459318200, "firm": "Cowen & Co.", "toGrade": "Outperform", "fromGrade": "Market Perform", "action": "up"}, {"epochGradeDate": 1457603379, "firm": "CLSA", "toGrade": "Buy", "fromGrade": "", "action": "main"}, {"epochGradeDate": 1457328157, "firm": "Pacific Crest", "toGrade": "Overweight", "fromGrade": "", "action": "main"}, {"epochGradeDate": 1600853406, "firm": "FBR Capital", "toGrade": "Outperform", "fromGrade": "", "action": "main"}, {"epochGradeDate": 1453875813, "firm": "PiperJaffray", "toGrade": "Overweight", "fromGrade": "", "action": "main"}, {"epochGradeDate": 1453873263, "firm": "FBR Capital", "toGrade": "Outperform", "fromGrade": "", "action": "main"}, {"epochGradeDate": 1453872719, "firm": "Barclays", "toGrade": "Overweight", "fromGrade": "", "action": "main"}, {"epochGradeDate": 1452580083, "firm": "Bank of America", "toGrade": "Buy", "fromGrade": "", "action": "up"}, {"epochGradeDate": 1452521965, "firm": "Deutsche Bank", "toGrade": "Hold", "fromGrade": "", "action": "main"}, {"epochGradeDate": 1452506265, "firm": "Oppenheimer", "toGrade": "Outperform", "fromGrade": "", "action": "main"}, {"epochGradeDate": 1452492600, "firm": "Mizuho", "toGrade": "Buy", "fromGrade": "Neutral", "action": "up"}, {"epochGradeDate": 1452241691, "firm": "Canaccord Genuity", "toGrade": "Buy", "fromGrade": "", "action": "main"}, {"epochGradeDate": 1452238050, "firm": "Pacific Crest", "toGrade": "Overweight", "fromGrade": "", "action": "main"}, {"epochGradeDate": 1452169519, "firm": "RBC Capital", "toGrade": "Outperform", "fromGrade": "", "action": "main"}, {"epochGradeDate": 1450780134, "firm": "Cowen & Co.", "toGrade": "Market Perform", "fromGrade": "", "action": "main"}, {"epochGradeDate": 1450073190, "firm": "Barclays", "toGrade": "Overweight", "fromGrade": "", "action": "main"}, {"epochGradeDate": 1449818364, "firm": "BMO Capital", "toGrade": "Outperform", "fromGrade": "", "action": "init"}, {"epochGradeDate": 1447828779, "firm": "Goldman Sachs", "toGrade": "Buy", "fromGrade": "", "action": "main"}, {"epochGradeDate": 1446019085, "firm": "Credit Suisse", "toGrade": "Outperform", "fromGrade": "", "action": "main"}, {"epochGradeDate": 1446010979, "firm": "Pacific Crest", "toGrade": "Overweight", "fromGrade": "Sector Weight", "action": "up"}, {"epochGradeDate": 1446007013, "firm": "Morgan Stanley", "toGrade": "Overweight", "fromGrade": "", "action": "main"}, {"epochGradeDate": 1446005940, "firm": "Barclays", "toGrade": "Overweight", "fromGrade": "", "action": "main"}, {"epochGradeDate": 1445585425, "firm": "Maxim Group", "toGrade": "Buy", "fromGrade": "Neutral", "action": "up"}, {"epochGradeDate": 1444839956, "firm": "Barclays", "toGrade": "Overweight", "fromGrade": "", "action": "init"}, {"epochGradeDate": 1444582461, "firm": "Morgan Stanley", "toGrade": "Overweight", "fromGrade": "", "action": "main"}, {"epochGradeDate": 1443725565, "firm": "Drexel Hamilton", "toGrade": "Buy", "fromGrade": "", "action": "init"}, {"epochGradeDate": 1443457588, "firm": "Sterne Agee CRT", "toGrade": "Buy", "fromGrade": "", "action": "init"}, {"epochGradeDate": 1442815637, "firm": "Canaccord Genuity", "toGrade": "Buy", "fromGrade": "", "action": "main"}, {"epochGradeDate": 1600853485, "firm": "JMP Securities", "toGrade": "Outperform", "fromGrade": "", "action": "main"}, {"epochGradeDate": 1441790206, "firm": "Rosenblatt", "toGrade": "Buy", "fromGrade": "", "action": "init"}, {"epochGradeDate": 1440483778, "firm": "Wells Fargo", "toGrade": "Outperform", "fromGrade": "Market Perform", "action": "up"}, {"epochGradeDate": 1438755769, "firm": "Bank of America", "toGrade": "Neutral", "fromGrade": "Buy", "action": "down"}, {"epochGradeDate": 1438279773, "firm": "Nomura", "toGrade": "Buy", "fromGrade": "", "action": "init"}, {"epochGradeDate": 1437546334, "firm": "Cowen & Co.", "toGrade": "Market Perform", "fromGrade": "Outperform", "action": "down"}, {"epochGradeDate": 1600853011, "firm": "Societe Generale", "toGrade": "Buy", "fromGrade": "Hold", "action": "up"}, {"epochGradeDate": 1600852938, "firm": "Susquehanna", "toGrade": "Positive", "fromGrade": "", "action": "main"}, {"epochGradeDate": 1430125200, "firm": "Jefferies", "toGrade": "Hold", "fromGrade": "", "action": "main"}, {"epochGradeDate": 1430111987, "firm": "Jefferies", "toGrade": "Hold", "fromGrade": "", "action": "main"}, {"epochGradeDate": 1430111931, "firm": "Brean Capital", "toGrade": "Buy", "fromGrade": "", "action": "init"}, {"epochGradeDate": 1429290395, "firm": "FBR Capital", "toGrade": "Outperform", "fromGrade": "", "action": "init"}, {"epochGradeDate": 1429163810, "firm": "Maxim Group", "toGrade": "Hold", "fromGrade": "", "action": "init"}, {"epochGradeDate": 1428646147, "firm": "Raymond James", "toGrade": "Market Perform", "fromGrade": "Outperform", "action": "down"}, {"epochGradeDate": 1428468702, "firm": "Societe Generale", "toGrade": "Hold", "fromGrade": "Buy", "action": "down"}, {"epochGradeDate": 1427792400, "firm": "RBC Capital", "toGrade": "Outperform", "fromGrade": "", "action": "main"}, {"epochGradeDate": 1427345493, "firm": "Credit Suisse", "toGrade": "Outperform", "fromGrade": "Outperform", "action": "main"}, {"epochGradeDate": 1600852920, "firm": "Cantor Fitzgerald", "toGrade": "Buy", "fromGrade": "", "action": "main"}, {"epochGradeDate": 1427088757, "firm": "Cowen & Co.", "toGrade": "Outperform", "fromGrade": "", "action": "main"}, {"epochGradeDate": 1426655044, "firm": "Jefferies", "toGrade": "Hold", "fromGrade": "", "action": "main"}, {"epochGradeDate": 1600852886, "firm": "Berenberg", "toGrade": "Buy", "fromGrade": "", "action": "main"}, {"epochGradeDate": 1425978000, "firm": "Nomura", "toGrade": "Neutral", "fromGrade": "", "action": "main"}, {"epochGradeDate": 1425973490, "firm": "Monness Crespi Hardt", "toGrade": "Buy", "fromGrade": "", "action": "main"}, {"epochGradeDate": 1425962885, "firm": "Evercore ISI Group", "toGrade": "Buy", "fromGrade": "", "action": "main"}, {"epochGradeDate": 1425885291, "firm": "Macquarie", "toGrade": "Outperform", "fromGrade": "", "action": "main"}, {"epochGradeDate": 1425360569, "firm": "Oppenheimer", "toGrade": "Outperform", "fromGrade": "", "action": "main"}, {"epochGradeDate": 1425270752, "firm": "Morgan Stanley", "toGrade": "Overweight", "fromGrade": "", "action": "main"}, {"epochGradeDate": 1424854800, "firm": "Stifel Nicolaus", "toGrade": "Buy", "fromGrade": "", "action": "main"}, {"epochGradeDate": 1424812787, "firm": "Stifel Nicolaus", "toGrade": "Buy", "fromGrade": "", "action": "main"}, {"epochGradeDate": 1424407483, "firm": "Goldman Sachs", "toGrade": "", "fromGrade": "", "action": "main"}, {"epochGradeDate": 1423645200, "firm": "JP Morgan", "toGrade": "Overweight", "fromGrade": "", "action": "main"}, {"epochGradeDate": 1422435600, "firm": "JP Morgan", "toGrade": "Overweight", "fromGrade": "", "action": "main"}, {"epochGradeDate": 1422421022, "firm": "BMO Capital", "toGrade": "Outperform", "fromGrade": "Outperform", "action": "main"}, {"epochGradeDate": 1422420983, "firm": "Jefferies", "toGrade": "Hold", "fromGrade": "Hold", "action": "main"}, {"epochGradeDate": 1422420946, "firm": "Deutsche Bank", "toGrade": "Hold", "fromGrade": "Hold", "action": "main"}, {"epochGradeDate": 1422420896, "firm": "Evercore ISI Group", "toGrade": "Buy", "fromGrade": "Buy", "action": "main"}, {"epochGradeDate": 1422420850, "firm": "Cowen & Co.", "toGrade": "Outperform", "fromGrade": "Outperform", "action": "main"}, {"epochGradeDate": 1422420741, "firm": "RBC Capital", "toGrade": "Outperform", "fromGrade": "Outperform", "action": "main"}, {"epochGradeDate": 1421385914, "firm": "RBC Capital", "toGrade": "Outperform", "fromGrade": "Outperform", "action": "main"}, {"epochGradeDate": 1421384161, "firm": "Societe Generale", "toGrade": "Buy", "fromGrade": "Buy", "action": "main"}, {"epochGradeDate": 1421280000, "firm": "Mizuho", "toGrade": "Neutral", "fromGrade": "Buy", "action": "down"}, {"epochGradeDate": 1421107200, "firm": "Credit Suisse", "toGrade": "Outperform", "fromGrade": "Neutral", "action": "up"}, {"epochGradeDate": 1418029200, "firm": "Citigroup", "toGrade": "Buy", "fromGrade": "", "action": "main"}, {"epochGradeDate": 1417564800, "firm": "JMP Securities", "toGrade": "Market Outperform", "fromGrade": "", "action": "main"}, {"epochGradeDate": 1417497712, "firm": "Canaccord Genuity", "toGrade": "Buy", "fromGrade": "", "action": "main"}, {"epochGradeDate": 1417410532, "firm": "Barclays", "toGrade": "Overweight", "fromGrade": "", "action": "main"}, {"epochGradeDate": 1416904478, "firm": "Stifel Nicolaus", "toGrade": "Buy", "fromGrade": "", "action": "main"}, {"epochGradeDate": 1416502485, "firm": "Morgan Stanley", "toGrade": "Overweight", "fromGrade": "", "action": "main"}, {"epochGradeDate": 1416383274, "firm": "Jefferies", "toGrade": "Hold", "fromGrade": "", "action": "main"}, {"epochGradeDate": 1416298496, "firm": "Oppenheimer", "toGrade": "Outperform", "fromGrade": "", "action": "main"}, {"epochGradeDate": 1413880200, "firm": "Barclays", "toGrade": "Overweight", "fromGrade": "", "action": "main"}, {"epochGradeDate": 1413302400, "firm": "Credit Suisse", "toGrade": "Neutral", "fromGrade": "", "action": "main"}, {"epochGradeDate": 1412845200, "firm": "Oppenheimer", "toGrade": "Outperform", "fromGrade": "Market Perform", "action": "up"}, {"epochGradeDate": 1412670600, "firm": "Susquehanna", "toGrade": "Positive", "fromGrade": "", "action": "main"}, {"epochGradeDate": 1412323200, "firm": "Deutsche Bank", "toGrade": "Hold", "fromGrade": "Buy", "action": "down"}, {"epochGradeDate": 1412240400, "firm": "Citigroup", "toGrade": "Buy", "fromGrade": "", "action": "main"}, {"epochGradeDate": 1600852834, "firm": "Evercore Partners", "toGrade": "Overweight", "fromGrade": "", "action": "main"}, {"epochGradeDate": 1412056821, "firm": "Jefferies", "toGrade": "Hold", "fromGrade": "", "action": "init"}, {"epochGradeDate": 1410339600, "firm": "Barclays", "toGrade": "Overweight", "fromGrade": "", "action": "main"}, {"epochGradeDate": 1410336000, "firm": "Wells Fargo", "toGrade": "Market Perform", "fromGrade": "", "action": "main"}, {"epochGradeDate": 1410328753, "firm": "Goldman Sachs", "toGrade": "Buy", "fromGrade": "", "action": "main"}, {"epochGradeDate": 1410328030, "firm": "Pacific Crest", "toGrade": "Sector Perform", "fromGrade": "Outperform", "action": "down"}, {"epochGradeDate": 1409648400, "firm": "Nomura", "toGrade": "Neutral", "fromGrade": "", "action": "main"}, {"epochGradeDate": 1406155016, "firm": "Raymond James", "toGrade": "Outperform", "fromGrade": "", "action": "main"}, {"epochGradeDate": 1406153984, "firm": "Nomura", "toGrade": "Neutral", "fromGrade": "", "action": "main"}, {"epochGradeDate": 1406153982, "firm": "Macquarie", "toGrade": "Outperform", "fromGrade": "", "action": "main"}, {"epochGradeDate": 1405973326, "firm": "UBS", "toGrade": "Buy", "fromGrade": "", "action": "main"}, {"epochGradeDate": 1405931076, "firm": "JMP Securities", "toGrade": "Market Outperform", "fromGrade": "Market Perform", "action": "up"}, {"epochGradeDate": 1405322096, "firm": "Morgan Stanley", "toGrade": "Overweight", "fromGrade": "", "action": "main"}, {"epochGradeDate": 1405320958, "firm": "Barclays", "toGrade": "Overweight", "fromGrade": "Equal-weight", "action": "up"}, {"epochGradeDate": 1405107369, "firm": "Canaccord Genuity", "toGrade": "Buy", "fromGrade": "", "action": "main"}, {"epochGradeDate": 1404284873, "firm": "Evercore Partners", "toGrade": "Overweight", "fromGrade": "", "action": "main"}, {"epochGradeDate": 1403723971, "firm": "Credit Suisse", "toGrade": "Neutral", "fromGrade": "", "action": "main"}, {"epochGradeDate": 1403005902, "firm": "Societe Generale", "toGrade": "Buy", "fromGrade": "Hold", "action": "up"}, {"epochGradeDate": 1402689836, "firm": "Raymond James", "toGrade": "Outperform", "fromGrade": "", "action": "main"}, {"epochGradeDate": 1402519078, "firm": "Deutsche Bank", "toGrade": "Buy", "fromGrade": "", "action": "main"}, {"epochGradeDate": 1402471271, "firm": "Monness Crespi Hardt", "toGrade": "Buy", "fromGrade": "", "action": "main"}, {"epochGradeDate": 1402432059, "firm": "Citigroup", "toGrade": "Neutral", "fromGrade": "", "action": "main"}, {"epochGradeDate": 1402432056, "firm": "Barclays", "toGrade": "Equal-Weight", "fromGrade": "", "action": "main"}, {"epochGradeDate": 1402343956, "firm": "Stifel Nicolaus", "toGrade": "Buy", "fromGrade": "", "action": "main"}, {"epochGradeDate": 1401823443, "firm": "Credit Suisse", "toGrade": "Neutral", "fromGrade": "", "action": "main"}, {"epochGradeDate": 1401823442, "firm": "Canaccord Genuity", "toGrade": "Buy", "fromGrade": "", "action": "main"}, {"epochGradeDate": 1401403832, "firm": "UBS", "toGrade": "Buy", "fromGrade": "", "action": "main"}, {"epochGradeDate": 1401400451, "firm": "Baird", "toGrade": "Outperform", "fromGrade": "", "action": "main"}, {"epochGradeDate": 1401345191, "firm": "Bank of America", "toGrade": "Neutral", "fromGrade": "", "action": "main"}, {"epochGradeDate": 1401263373, "firm": "Barclays", "toGrade": "Equal-Weight", "fromGrade": "", "action": "main"}, {"epochGradeDate": 1401263305, "firm": "Bernstein", "toGrade": "Outperform", "fromGrade": "", "action": "main"}, {"epochGradeDate": 1600852805, "firm": "ISI Group", "toGrade": "Buy", "fromGrade": "Strong Buy", "action": "down"}, {"epochGradeDate": 1399363477, "firm": "RBC Capital", "toGrade": "Outperform", "fromGrade": "", "action": "main"}, {"epochGradeDate": 1398326400, "firm": "CLSA", "toGrade": "Buy", "fromGrade": "Outperform", "action": "up"}, {"epochGradeDate": 1398324679, "firm": "Nomura", "toGrade": "Neutral", "fromGrade": "", "action": "main"}, {"epochGradeDate": 1398322170, "firm": "Bank of America", "toGrade": "Neutral", "fromGrade": "", "action": "main"}, {"epochGradeDate": 1398309145, "firm": "Pacific Crest", "toGrade": "Outperform", "fromGrade": "", "action": "main"}, {"epochGradeDate": 1398303601, "firm": "Credit Suisse", "toGrade": "Neutral", "fromGrade": "", "action": "main"}, {"epochGradeDate": 1398301259, "firm": "Citigroup", "toGrade": "Hold", "fromGrade": "", "action": "main"}, {"epochGradeDate": 1398301257, "firm": "Canaccord Genuity", "toGrade": "Buy", "fromGrade": "", "action": "main"}, {"epochGradeDate": 1398299334, "firm": "Barclays", "toGrade": "Equal-Weight", "fromGrade": "", "action": "main"}, {"epochGradeDate": 1397114346, "firm": "Deutsche Bank", "toGrade": "Buy", "fromGrade": "", "action": "init"}, {"epochGradeDate": 1395390818, "firm": "Macquarie", "toGrade": "Outperform", "fromGrade": "", "action": "init"}, {"epochGradeDate": 1394524800, "firm": "Pacific Crest", "toGrade": "Outperform", "fromGrade": "Sector Perform", "action": "up"}, {"epochGradeDate": 1393833398, "firm": "Canaccord Genuity", "toGrade": "Buy", "fromGrade": "", "action": "main"}, {"epochGradeDate": 1392881053, "firm": "Barclays", "toGrade": "Equal-weight", "fromGrade": "Overweight", "action": "down"}, {"epochGradeDate": 1392359933, "firm": "Bank of America", "toGrade": "Neutral", "fromGrade": "", "action": "main"}, {"epochGradeDate": 1390924800, "firm": "Hilliard Lyons", "toGrade": "Long-Term Buy", "fromGrade": "Buy", "action": "down"}, {"epochGradeDate": 1390896000, "firm": "Barclays", "toGrade": "Overweight", "fromGrade": "", "action": "main"}, {"epochGradeDate": 1390895703, "firm": "Nomura", "toGrade": "Neutral", "fromGrade": "", "action": "main"}, {"epochGradeDate": 1390838400, "firm": "BGC Financial", "toGrade": "Hold", "fromGrade": "Buy", "action": "down"}, {"epochGradeDate": 1390320000, "firm": "Societe Generale", "toGrade": "Hold", "fromGrade": "Buy", "action": "down"}, {"epochGradeDate": 1600852763, "firm": "Oracle Investment Research", "toGrade": "Strong Buy", "fromGrade": "", "action": "main"}, {"epochGradeDate": 1388989350, "firm": "Standpoint", "toGrade": "Sell", "fromGrade": "Hold", "action": "down"}, {"epochGradeDate": 1388678400, "firm": "Wells Fargo", "toGrade": "Market Perform", "fromGrade": "Outperform", "action": "down"}, {"epochGradeDate": 1387814400, "firm": "Raymond James", "toGrade": "Strong Buy", "fromGrade": "", "action": "main"}, {"epochGradeDate": 1387468800, "firm": "JP Morgan", "toGrade": "Overweight", "fromGrade": "", "action": "main"}, {"epochGradeDate": 1387441960, "firm": "Monness Crespi Hardt", "toGrade": "Buy", "fromGrade": "", "action": "main"}, {"epochGradeDate": 1387209600, "firm": "Morgan Stanley", "toGrade": "Overweight", "fromGrade": "", "action": "main"}, {"epochGradeDate": 1386864000, "firm": "Canaccord Genuity", "toGrade": "Buy", "fromGrade": "", "action": "main"}, {"epochGradeDate": 1386691200, "firm": "Bank of America", "toGrade": "Neutral", "fromGrade": "", "action": "main"}, {"epochGradeDate": 1386318789, "firm": "Citigroup", "toGrade": "Neutral", "fromGrade": "", "action": "main"}, {"epochGradeDate": 1386086400, "firm": "UBS", "toGrade": "Buy", "fromGrade": "Neutral", "action": "up"}, {"epochGradeDate": 1385976839, "firm": "UBS", "toGrade": "Buy", "fromGrade": "Neutral", "action": "up"}, {"epochGradeDate": 1385717140, "firm": "Cantor Fitzgerald", "toGrade": "Buy", "fromGrade": "", "action": "main"}, {"epochGradeDate": 1385375965, "firm": "Wells Fargo", "toGrade": "Outperform", "fromGrade": "", "action": "main"}, {"epochGradeDate": 1384767457, "firm": "Susquehanna", "toGrade": "Positive", "fromGrade": "", "action": "main"}, {"epochGradeDate": 1384417208, "firm": "Canaccord Genuity", "toGrade": "Buy", "fromGrade": "", "action": "main"}, {"epochGradeDate": 1383047188, "firm": "Canaccord Genuity", "toGrade": "Buy", "fromGrade": "", "action": "main"}, {"epochGradeDate": 1383046652, "firm": "PiperJaffray", "toGrade": "Overweight", "fromGrade": "", "action": "main"}, {"epochGradeDate": 1383046503, "firm": "Deutsche Bank", "toGrade": "Buy", "fromGrade": "", "action": "main"}, {"epochGradeDate": 1383037393, "firm": "Jefferies", "toGrade": "Buy", "fromGrade": "", "action": "main"}, {"epochGradeDate": 1383037291, "firm": "Wells Fargo", "toGrade": "Outperform", "fromGrade": "", "action": "main"}, {"epochGradeDate": 1600852704, "firm": "Janney Capital", "toGrade": "Buy", "fromGrade": "", "action": "main"}, {"epochGradeDate": 1383034537, "firm": "Stifel Nicolaus", "toGrade": "Buy", "fromGrade": "", "action": "main"}, {"epochGradeDate": 1383034411, "firm": "Monness Crespi Hardt", "toGrade": "Buy", "fromGrade": "", "action": "main"}, {"epochGradeDate": 1383034148, "firm": "Nomura", "toGrade": "Neutral", "fromGrade": "", "action": "main"}, {"epochGradeDate": 1383029845, "firm": "Citigroup", "toGrade": "Neutral", "fromGrade": "", "action": "main"}, {"epochGradeDate": 1383028198, "firm": "Baird", "toGrade": "Outperform", "fromGrade": "Neutral", "action": "up"}, {"epochGradeDate": 1383028139, "firm": "Goldman Sachs", "toGrade": "Buy", "fromGrade": "", "action": "main"}, {"epochGradeDate": 1383027971, "firm": "BMO Capital", "toGrade": "Outperform", "fromGrade": "", "action": "main"}, {"epochGradeDate": 1382517260, "firm": "Wells Fargo", "toGrade": "Outperform", "fromGrade": "", "action": "main"}, {"epochGradeDate": 1382514432, "firm": "Nomura", "toGrade": "Neutral", "fromGrade": "", "action": "main"}, {"epochGradeDate": 1382336517, "firm": "Societe Generale", "toGrade": "Buy", "fromGrade": "Hold", "action": "up"}, {"epochGradeDate": 1381741757, "firm": "Mizuho", "toGrade": "Buy", "fromGrade": "", "action": "main"}, {"epochGradeDate": 1381126919, "firm": "Jefferies", "toGrade": "Buy", "fromGrade": "Hold", "action": "up"}, {"epochGradeDate": 1380871485, "firm": "BMO Capital", "toGrade": "Outperform", "fromGrade": "", "action": "main"}, {"epochGradeDate": 1600852682, "firm": "Global Equities Research", "toGrade": "Overweight", "fromGrade": "", "action": "main"}, {"epochGradeDate": 1380272465, "firm": "Monness Crespi Hardt", "toGrade": "Buy", "fromGrade": "", "action": "main"}, {"epochGradeDate": 1380008840, "firm": "Susquehanna", "toGrade": "Positive", "fromGrade": "Neutral", "action": "up"}, {"epochGradeDate": 1380005070, "firm": "Barclays", "toGrade": "Overweight", "fromGrade": "", "action": "main"}, {"epochGradeDate": 1379935598, "firm": "Societe Generale", "toGrade": "Hold", "fromGrade": "Buy", "action": "down"}, {"epochGradeDate": 1379930519, "firm": "FBN Securities", "toGrade": "Outperform", "fromGrade": "", "action": "main"}, {"epochGradeDate": 1379054304, "firm": "Jefferies", "toGrade": "Hold", "fromGrade": "", "action": "main"}, {"epochGradeDate": 1378889510, "firm": "Credit Suisse", "toGrade": "Neutral", "fromGrade": "Outperform", "action": "down"}, {"epochGradeDate": 1378886245, "firm": "Oppenheimer", "toGrade": "Outperform", "fromGrade": "", "action": "main"}, {"epochGradeDate": 1378886200, "firm": "PiperJaffray", "toGrade": "Overweight", "fromGrade": "", "action": "main"}, {"epochGradeDate": 1378886142, "firm": "Canaccord Genuity", "toGrade": "Buy", "fromGrade": "", "action": "main"}, {"epochGradeDate": 1378885230, "firm": "UBS", "toGrade": "Neutral", "fromGrade": "Buy", "action": "down"}, {"epochGradeDate": 1378884256, "firm": "Nomura", "toGrade": "Neutral", "fromGrade": "", "action": "main"}, {"epochGradeDate": 1378880508, "firm": "Bank of America", "toGrade": "Neutral", "fromGrade": "Buy", "action": "down"}, {"epochGradeDate": 1378711619, "firm": "FBN Securities", "toGrade": "Outperform", "fromGrade": "", "action": "main"}, {"epochGradeDate": 1378457407, "firm": "Evercore Partners", "toGrade": "Overweight", "fromGrade": "", "action": "main"}, {"epochGradeDate": 1378277431, "firm": "Cantor Fitzgerald", "toGrade": "Buy", "fromGrade": "", "action": "init"}, {"epochGradeDate": 1600852654, "firm": "ABG Sundal Collier", "toGrade": "Sell", "fromGrade": "Hold", "action": "down"}, {"epochGradeDate": 1377069040, "firm": "UBS", "toGrade": "Buy", "fromGrade": "", "action": "main"}, {"epochGradeDate": 1376552985, "firm": "RBC Capital", "toGrade": "Outperform", "fromGrade": "", "action": "main"}, {"epochGradeDate": 1376296704, "firm": "Needham", "toGrade": "Buy", "fromGrade": "", "action": "main"}, {"epochGradeDate": 1375449528, "firm": "Standpoint Research", "toGrade": "Hold", "fromGrade": "Buy", "action": "down"}, {"epochGradeDate": 1375338384, "firm": "Jefferies", "toGrade": "Hold", "fromGrade": "", "action": "main"}, {"epochGradeDate": 1374658391, "firm": "BMO Capital", "toGrade": "Outperform", "fromGrade": "Market Perform", "action": "up"}, {"epochGradeDate": 1374657730, "firm": "Stifel Nicolaus", "toGrade": "Buy", "fromGrade": "", "action": "main"}, {"epochGradeDate": 1374650517, "firm": "Bank of America", "toGrade": "Buy", "fromGrade": "", "action": "main"}, {"epochGradeDate": 1374650369, "firm": "Goldman Sachs", "toGrade": "Buy", "fromGrade": "", "action": "main"}, {"epochGradeDate": 1374485781, "firm": "BMO Capital", "toGrade": "Market Perform", "fromGrade": "", "action": "main"}, {"epochGradeDate": 1372664281, "firm": "Raymond James", "toGrade": "Strong Buy", "fromGrade": "Outperform", "action": "up"}, {"epochGradeDate": 1372063183, "firm": "BMO Capital", "toGrade": "Market Perform", "fromGrade": "", "action": "main"}, {"epochGradeDate": 1372062343, "firm": "Jefferies", "toGrade": "Hold", "fromGrade": "", "action": "main"}, {"epochGradeDate": 1368638559, "firm": "Susquehanna", "toGrade": "Neutral", "fromGrade": "", "action": "init"}, {"epochGradeDate": 1367825145, "firm": "Barclays", "toGrade": "Overweight", "fromGrade": "", "action": "main"}, {"epochGradeDate": 1366896566, "firm": "ABG Sundal Collier", "toGrade": "Hold", "fromGrade": "Sell", "action": "up"}, {"epochGradeDate": 1366890521, "firm": "Hamburger Sparkasse", "toGrade": "Hold", "fromGrade": "Buy", "action": "down"}, {"epochGradeDate": 1366798003, "firm": "Hilliard Lyons", "toGrade": "Buy", "fromGrade": "Long-Term Buy", "action": "up"}, {"epochGradeDate": 1366797900, "firm": "Ameriprise Financial", "toGrade": "Buy", "fromGrade": "", "action": "init"}, {"epochGradeDate": 1366794049, "firm": "Societe Generale", "toGrade": "Buy", "fromGrade": "", "action": "main"}, {"epochGradeDate": 1366790879, "firm": "Nomura", "toGrade": "Neutral", "fromGrade": "", "action": "main"}, {"epochGradeDate": 1366790314, "firm": "Credit Suisse", "toGrade": "Outperform", "fromGrade": "", "action": "main"}, {"epochGradeDate": 1366788038, "firm": "FBN Securities", "toGrade": "Outperform", "fromGrade": "", "action": "main"}, {"epochGradeDate": 1366787699, "firm": "Citigroup", "toGrade": "Neutral", "fromGrade": "", "action": "main"}, {"epochGradeDate": 1366785814, "firm": "BMO Capital", "toGrade": "Market Perform", "fromGrade": "Outperform", "action": "down"}, {"epochGradeDate": 1366704884, "firm": "FBR Capital", "toGrade": "Outperform", "fromGrade": "", "action": "main"}, {"epochGradeDate": 1366620669, "firm": "Monness Crespi Hardt", "toGrade": "Buy", "fromGrade": "", "action": "main"}, {"epochGradeDate": 1366618941, "firm": "BGC Financial", "toGrade": "Buy", "fromGrade": "Hold", "action": "up"}, {"epochGradeDate": 1366618561, "firm": "BMO Capital", "toGrade": "Outperform", "fromGrade": "", "action": "main"}, {"epochGradeDate": 1366617888, "firm": "Avondale Partners", "toGrade": "Market Outperform", "fromGrade": "Market Perform", "action": "up"}, {"epochGradeDate": 1600852635, "firm": "Sterne Agee", "toGrade": "Buy", "fromGrade": "", "action": "main"}, {"epochGradeDate": 1366359024, "firm": "Barclays", "toGrade": "Overweight", "fromGrade": "", "action": "main"}, {"epochGradeDate": 1366358993, "firm": "Standpoint", "toGrade": "Buy", "fromGrade": "", "action": "init"}, {"epochGradeDate": 1366272827, "firm": "Janney Capital", "toGrade": "Buy", "fromGrade": "", "action": "main"}, {"epochGradeDate": 1366269910, "firm": "BMO Capital", "toGrade": "Outperform", "fromGrade": "", "action": "main"}, {"epochGradeDate": 1366104778, "firm": "PiperJaffray", "toGrade": "Overweight", "fromGrade": "", "action": "main"}, {"epochGradeDate": 1366099297, "firm": "Stifel Nicolaus", "toGrade": "Buy", "fromGrade": "", "action": "main"}, {"epochGradeDate": 1365757912, "firm": "RBC Capital", "toGrade": "Outperform", "fromGrade": "", "action": "main"}, {"epochGradeDate": 1600852587, "firm": "Lazard", "toGrade": "Buy", "fromGrade": "", "action": "init"}, {"epochGradeDate": 1364882991, "firm": "Goldman Sachs", "toGrade": "Buy", "fromGrade": "", "action": "main"}, {"epochGradeDate": 1364285666, "firm": "Oppenheimer", "toGrade": "Outperform", "fromGrade": "", "action": "main"}, {"epochGradeDate": 1363767733, "firm": "Canaccord Genuity", "toGrade": "Buy", "fromGrade": "", "action": "main"}, {"epochGradeDate": 1363333111, "firm": "Sterne Agee", "toGrade": "Buy", "fromGrade": "", "action": "main"}, {"epochGradeDate": 1363247623, "firm": "BTIG Research", "toGrade": "Buy", "fromGrade": "Neutral", "action": "up"}, {"epochGradeDate": 1363069949, "firm": "Jefferies", "toGrade": "Hold", "fromGrade": "", "action": "main"}, {"epochGradeDate": 1600852574, "firm": "Credit Agricole", "toGrade": "Outperform", "fromGrade": "Buy", "action": "down"}, {"epochGradeDate": 1362556142, "firm": "Citigroup", "toGrade": "Neutral", "fromGrade": "", "action": "main"}, {"epochGradeDate": 1362555186, "firm": "Berenberg", "toGrade": "Sell", "fromGrade": "Buy", "action": "down"}, {"epochGradeDate": 1362476401, "firm": "Cleveland Research", "toGrade": "Neutral", "fromGrade": "Buy", "action": "down"}, {"epochGradeDate": 1361778543, "firm": "Needham", "toGrade": "Buy", "fromGrade": "", "action": "main"}, {"epochGradeDate": 1359360004, "firm": "Baird", "toGrade": "Market Perform", "fromGrade": "Outperform", "action": "down"}, {"epochGradeDate": 1359040627, "firm": "FBN Securities", "toGrade": "Outperform", "fromGrade": "", "action": "main"}, {"epochGradeDate": 1359040136, "firm": "Hilliard Lyons", "toGrade": "Long-term Buy", "fromGrade": "Buy", "action": "down"}, {"epochGradeDate": 1359024467, "firm": "BGC Financial", "toGrade": "Hold", "fromGrade": "", "action": "main"}, {"epochGradeDate": 1359020358, "firm": "UBS", "toGrade": "Buy", "fromGrade": "", "action": "main"}, {"epochGradeDate": 1359019172, "firm": "Societe Generale", "toGrade": "Buy", "fromGrade": "", "action": "main"}, {"epochGradeDate": 1359019106, "firm": "Goldman Sachs", "toGrade": "Buy", "fromGrade": "", "action": "main"}, {"epochGradeDate": 1359018781, "firm": "Janney Capital", "toGrade": "Buy", "fromGrade": "", "action": "main"}, {"epochGradeDate": 1359017795, "firm": "Sterne Agee", "toGrade": "Buy", "fromGrade": "", "action": "main"}, {"epochGradeDate": 1359017735, "firm": "Canaccord Genuity", "toGrade": "Buy", "fromGrade": "", "action": "main"}, {"epochGradeDate": 1359017625, "firm": "PiperJaffray", "toGrade": "Overweight", "fromGrade": "", "action": "main"}, {"epochGradeDate": 1359017562, "firm": "Credit Agricole", "toGrade": "Buy", "fromGrade": "", "action": "main"}, {"epochGradeDate": 1359017501, "firm": "Barclays", "toGrade": "Overweight", "fromGrade": "", "action": "main"}, {"epochGradeDate": 1359017430, "firm": "RBC Capital", "toGrade": "Outperform", "fromGrade": "", "action": "main"}, {"epochGradeDate": 1600852551, "firm": "Scotiabank", "toGrade": "Sector Perform", "fromGrade": "Outperform", "action": "down"}, {"epochGradeDate": 1359014713, "firm": "Stifel Nicolaus", "toGrade": "Buy", "fromGrade": "", "action": "main"}, {"epochGradeDate": 1600852533, "firm": "Topeka", "toGrade": "Buy", "fromGrade": "", "action": "main"}, {"epochGradeDate": 1359013948, "firm": "Nomura", "toGrade": "Neutral", "fromGrade": "", "action": "main"}, {"epochGradeDate": 1359013331, "firm": "BMO Capital", "toGrade": "Outperform", "fromGrade": "", "action": "main"}, {"epochGradeDate": 1359012629, "firm": "Deutsche Bank", "toGrade": "Buy", "fromGrade": "", "action": "main"}, {"epochGradeDate": 1359011717, "firm": "Credit Suisse", "toGrade": "Outperform", "fromGrade": "", "action": "main"}, {"epochGradeDate": 1359010412, "firm": "Oracle Investment Research", "toGrade": "Strong Buy", "fromGrade": "", "action": "main"}, {"epochGradeDate": 1359008772, "firm": "Jefferies", "toGrade": "Hold", "fromGrade": "Buy", "action": "down"}, {"epochGradeDate": 1600852509, "firm": "Monness, Crespi, Hardt", "toGrade": "Buy", "fromGrade": "", "action": "main"}, {"epochGradeDate": 1358839467, "firm": "Scotiabank", "toGrade": "Sector Outperform", "fromGrade": "", "action": "main"}, {"epochGradeDate": 1358839359, "firm": "UBS", "toGrade": "Buy", "fromGrade": "", "action": "main"}, {"epochGradeDate": 1358412447, "firm": "BMO Capital", "toGrade": "Outperform", "fromGrade": "", "action": "main"}, {"epochGradeDate": 1358411387, "firm": "JP Morgan", "toGrade": "Overweight", "fromGrade": "", "action": "main"}, {"epochGradeDate": 1358363360, "firm": "BGC Financial", "toGrade": "Hold", "fromGrade": "", "action": "main"}, {"epochGradeDate": 1358325189, "firm": "Stifel", "toGrade": "Buy", "fromGrade": "", "action": "main"}, {"epochGradeDate": 1358322481, "firm": "Bank of America", "toGrade": "Buy", "fromGrade": "", "action": "main"}, {"epochGradeDate": 1358322426, "firm": "Stifel", "toGrade": "Buy", "fromGrade": "", "action": "main"}, {"epochGradeDate": 1358322174, "firm": "Pacific Crest", "toGrade": "Sector Perform", "fromGrade": "Outperform", "action": "down"}, {"epochGradeDate": 1358237242, "firm": "Nomura", "toGrade": "Neutral", "fromGrade": "", "action": "main"}, {"epochGradeDate": 1357894526, "firm": "Credit Agricole", "toGrade": "Buy", "fromGrade": "", "action": "main"}, {"epochGradeDate": 1357811853, "firm": "PiperJaffray", "toGrade": "Overweight", "fromGrade": "", "action": "main"}, {"epochGradeDate": 1357548669, "firm": "Barclays", "toGrade": "Overweight", "fromGrade": "", "action": "main"}, {"epochGradeDate": 1355748066, "firm": "Canaccord Genuity", "toGrade": "", "fromGrade": "", "action": "reit"}, {"epochGradeDate": 1355740298, "firm": "Mizuho", "toGrade": "Buy", "fromGrade": "", "action": "main"}, {"epochGradeDate": 1355732483, "firm": "Pacific Crest", "toGrade": "Outperform", "fromGrade": "", "action": "main"}, {"epochGradeDate": 1355730802, "firm": "BMO Capital", "toGrade": "Outperform", "fromGrade": "", "action": "main"}, {"epochGradeDate": 1355723873, "firm": "Citigroup", "toGrade": "Neutral", "fromGrade": "Buy", "action": "down"}, {"epochGradeDate": 1355477534, "firm": "UBS", "toGrade": "Buy", "fromGrade": "", "action": "main"}, {"epochGradeDate": 1355126415, "firm": "Jefferies", "toGrade": "Buy", "fromGrade": "", "action": "main"}, {"epochGradeDate": 1354701742, "firm": "Oracle Investment Research", "toGrade": "Strong Buy", "fromGrade": "Buy", "action": "up"}, {"epochGradeDate": 1354530701, "firm": "ABG Sundal Collier", "toGrade": "", "fromGrade": "", "action": "init"}, {"epochGradeDate": 1353912540, "firm": "Citigroup", "toGrade": "Buy", "fromGrade": "", "action": "init"}, {"epochGradeDate": 1353323340, "firm": "Bank of America", "toGrade": "Buy", "fromGrade": "", "action": "main"}, {"epochGradeDate": 1352458680, "firm": "Avondale Partners", "toGrade": "Market Perform", "fromGrade": "", "action": "init"}, {"epochGradeDate": 1351762800, "firm": "Oracle Investment Research", "toGrade": "Buy", "fromGrade": "Hold", "action": "up"}, {"epochGradeDate": 1600852488, "firm": "Telsey Advisory Group", "toGrade": "Outperform", "fromGrade": "", "action": "main"}, {"epochGradeDate": 1351238700, "firm": "Deutsche Bank", "toGrade": "Buy", "fromGrade": "", "action": "main"}, {"epochGradeDate": 1351238340, "firm": "FBN Securities", "toGrade": "Outperform", "fromGrade": "", "action": "main"}, {"epochGradeDate": 1351237140, "firm": "Nomura", "toGrade": "Neutral", "fromGrade": "", "action": "main"}, {"epochGradeDate": 1351080660, "firm": "Barclays", "toGrade": "Overweight", "fromGrade": "", "action": "main"}, {"epochGradeDate": 1351066860, "firm": "Canaccord Genuity", "toGrade": "Buy", "fromGrade": "", "action": "main"}, {"epochGradeDate": 1349770440, "firm": "Nomura", "toGrade": "Neutral", "fromGrade": "", "action": "init"}, {"epochGradeDate": 1600852428, "firm": "Crowell, Weedon & Co.", "toGrade": "Buy", "fromGrade": "", "action": "main"}, {"epochGradeDate": 1348211760, "firm": "Deutsche Bank", "toGrade": "Buy", "fromGrade": "", "action": "main"}, {"epochGradeDate": 1347953580, "firm": "Bank of America", "toGrade": "Buy", "fromGrade": "", "action": "main"}, {"epochGradeDate": 1347948300, "firm": "Sterne Agee", "toGrade": "Buy", "fromGrade": "", "action": "main"}, {"epochGradeDate": 1347873120, "firm": "BMO Capital", "toGrade": "Outperform", "fromGrade": "", "action": "main"}, {"epochGradeDate": 1347620820, "firm": "Hilliard Lyons", "toGrade": "Buy", "fromGrade": "", "action": "main"}, {"epochGradeDate": 1347537360, "firm": "Barclays", "toGrade": "Overweight", "fromGrade": "", "action": "main"}, {"epochGradeDate": 1347533820, "firm": "UBS", "toGrade": "Buy", "fromGrade": "", "action": "main"}, {"epochGradeDate": 1347517320, "firm": "Goldman Sachs", "toGrade": "Buy", "fromGrade": "", "action": "main"}, {"epochGradeDate": 1347517080, "firm": "Sterne Agee", "toGrade": "Buy", "fromGrade": "", "action": "main"}, {"epochGradeDate": 1347436260, "firm": "Hudson Square", "toGrade": "Buy", "fromGrade": "", "action": "main"}, {"epochGradeDate": 1600852403, "firm": "Hudson Square", "toGrade": "Buy", "fromGrade": "", "action": "main"}, {"epochGradeDate": 1347275100, "firm": "Monness Crespi Hardt", "toGrade": "Buy", "fromGrade": "", "action": "init"}, {"epochGradeDate": 1346913420, "firm": "Societe Generale", "toGrade": "Buy", "fromGrade": "", "action": "main"}, {"epochGradeDate": 1346828220, "firm": "JP Morgan", "toGrade": "Overweight", "fromGrade": "", "action": "main"}, {"epochGradeDate": 1346742240, "firm": "Wedbush", "toGrade": "Outperform", "fromGrade": "", "action": "main"}, {"epochGradeDate": 1346048820, "firm": "Bank of America", "toGrade": "Buy", "fromGrade": "", "action": "main"}, {"epochGradeDate": 1346048700, "firm": "Oppenheimer", "toGrade": "Outperform", "fromGrade": "", "action": "main"}, {"epochGradeDate": 1345620960, "firm": "Needham", "toGrade": "Buy", "fromGrade": "", "action": "main"}, {"epochGradeDate": 1345549200, "firm": "Oracle Investment Research", "toGrade": "Hold", "fromGrade": "Buy", "action": "down"}, {"epochGradeDate": 1345187760, "firm": "Jefferies", "toGrade": "Buy", "fromGrade": "", "action": "main"}, {"epochGradeDate": 1344501300, "firm": "Stifel Nicolaus", "toGrade": "Buy", "fromGrade": "", "action": "init"}, {"epochGradeDate": 1600852342, "firm": "Phillip Securities", "toGrade": "Neutral", "fromGrade": "Accumulate", "action": "down"}, {"epochGradeDate": 1343203500, "firm": "BMO Capital", "toGrade": "Outperform", "fromGrade": "", "action": "main"}, {"epochGradeDate": 1343202780, "firm": "Bank of America", "toGrade": "Buy", "fromGrade": "", "action": "main"}, {"epochGradeDate": 1343202480, "firm": "Raymond James", "toGrade": "Outperform", "fromGrade": "Strong Buy", "action": "down"}, {"epochGradeDate": 1343201700, "firm": "Goldman Sachs", "toGrade": "Buy", "fromGrade": "", "action": "main"}, {"epochGradeDate": 1343198760, "firm": "Morgan Stanley", "toGrade": "Overweight", "fromGrade": "", "action": "main"}, {"epochGradeDate": 1341990180, "firm": "UBS", "toGrade": "Buy", "fromGrade": "", "action": "init"}, {"epochGradeDate": 1338793740, "firm": "Crowell, Weedon & Co.", "toGrade": "Buy", "fromGrade": "", "action": "main"}, {"epochGradeDate": 1335431040, "firm": "Scotiabank", "toGrade": "Sector Outperform", "fromGrade": "", "action": "up"}, {"epochGradeDate": 1335430260, "firm": "Hilliard Lyons", "toGrade": "Buy", "fromGrade": "", "action": "main"}, {"epochGradeDate": 1335346560, "firm": "Bank oferica", "toGrade": "Buy", "fromGrade": "", "action": "main"}, {"epochGradeDate": 1335345720, "firm": "Sterne Agee", "toGrade": "Buy", "fromGrade": "", "action": "main"}, {"epochGradeDate": 1335345540, "firm": "ISI Group", "toGrade": "Buy", "fromGrade": "", "action": "main"}, {"epochGradeDate": 1335344400, "firm": "Societe Generale", "toGrade": "Buy", "fromGrade": "", "action": "up"}, {"epochGradeDate": 1335339600, "firm": "Canaccord Genuity", "toGrade": "Buy", "fromGrade": "", "action": "main"}, {"epochGradeDate": 1335339180, "firm": "FBN Securities", "toGrade": "Outperform", "fromGrade": "", "action": "main"}, {"epochGradeDate": 1335337140, "firm": "Wedbush", "toGrade": "Outperform", "fromGrade": "", "action": "main"}, {"epochGradeDate": 1335336600, "firm": "Citigroup", "toGrade": "Buy", "fromGrade": "", "action": "main"}, {"epochGradeDate": 1335336120, "firm": "Goldman Sachs", "toGrade": "Buy", "fromGrade": "", "action": "main"}, {"epochGradeDate": 1335333840, "firm": "Deutsche Bank", "toGrade": "Buy", "fromGrade": "", "action": "main"}, {"epochGradeDate": 1334816100, "firm": "Canaccord Genuity", "toGrade": "Buy", "fromGrade": "", "action": "main"}, {"epochGradeDate": 1334730180, "firm": "Goldman Sachs", "toGrade": "Buy", "fromGrade": "", "action": "main"}, {"epochGradeDate": 1334299740, "firm": "Bank oferica", "toGrade": "Buy", "fromGrade": "", "action": "main"}, {"epochGradeDate": 1334210400, "firm": "Credit Suisse", "toGrade": "Outperform", "fromGrade": "", "action": "main"}, {"epochGradeDate": 1334126520, "firm": "Sterne Agee", "toGrade": "Buy", "fromGrade": "", "action": "main"}, {"epochGradeDate": 1333954800, "firm": "BTIG Research", "toGrade": "Neutral", "fromGrade": "", "action": "down"}, {"epochGradeDate": 1333607100, "firm": "Jefferies", "toGrade": "Buy", "fromGrade": "", "action": "main"}, {"epochGradeDate": 1333436760, "firm": "JP Morgan", "toGrade": "Overweight", "fromGrade": "", "action": "main"}, {"epochGradeDate": 1333436460, "firm": "PiperJaffray", "toGrade": "Overweight", "fromGrade": "", "action": "main"}, {"epochGradeDate": 1333091760, "firm": "BMO Capital", "toGrade": "Outperform", "fromGrade": "", "action": "main"}, {"epochGradeDate": 1332340380, "firm": "Crowell, Weedon & Co.", "toGrade": "Buy", "fromGrade": "", "action": "main"}, {"epochGradeDate": 1332340260, "firm": "Hilliard Lyons", "toGrade": "Buy", "fromGrade": "", "action": "main"}, {"epochGradeDate": 1332319380, "firm": "Scotiabank", "toGrade": "Sector Perform", "fromGrade": "", "action": "main"}, {"epochGradeDate": 1332226380, "firm": "Citigroup", "toGrade": "Buy", "fromGrade": "", "action": "main"}, {"epochGradeDate": 1332223800, "firm": "Sterne Agee", "toGrade": "Buy", "fromGrade": "", "action": "main"}, {"epochGradeDate": 1332169140, "firm": "Morgan Keegan", "toGrade": "Outperform", "fromGrade": "", "action": "main"}, {"epochGradeDate": 1332167100, "firm": "Goldman Sachs", "toGrade": "Buy", "fromGrade": "", "action": "main"}, {"epochGradeDate": 1332150780, "firm": "FBN Securities", "toGrade": "Outperform", "fromGrade": "", "action": "main"}, {"epochGradeDate": 1332141840, "firm": "Wedbush", "toGrade": "Outperform", "fromGrade": "", "action": "main"}, {"epochGradeDate": 1331905980, "firm": "UBS", "toGrade": "Buy", "fromGrade": "", "action": "main"}, {"epochGradeDate": 1331880780, "firm": "Oppenheimer", "toGrade": "Outperform", "fromGrade": "", "action": "main"}, {"epochGradeDate": 1331797980, "firm": "PiperJaffray", "toGrade": "Overweight", "fromGrade": "", "action": "main"}, {"epochGradeDate": 1331738700, "firm": "Oxen Group", "toGrade": "Buy", "fromGrade": "", "action": "init"}, {"epochGradeDate": 1331713260, "firm": "Canaccord Genuity", "toGrade": "Buy", "fromGrade": "", "action": "main"}, {"epochGradeDate": 1331705580, "firm": "Morgan Stanley", "toGrade": "Overweight", "fromGrade": "", "action": "main"}, {"epochGradeDate": 1331618880, "firm": "Jefferies", "toGrade": "Buy", "fromGrade": "", "action": "main"}, {"epochGradeDate": 1331191980, "firm": "FBN Securities", "toGrade": "Outperform", "fromGrade": "", "action": "main"}, {"epochGradeDate": 1328775420, "firm": "Canaccord Genuity", "toGrade": "Buy", "fromGrade": "", "action": "main"}], "maxAge": 86400}, "pageViews": {"shortTermTrend": "UP", "midTermTrend": "UP", "longTermTrend": "UP", "maxAge": 1}}, "ANDR": {"defaultKeyStatistics": {"annualHoldingsTurnover": null, "enterpriseToRevenue": 3.27, "beta3Year": null, "profitMargins": -0.45133, "enterpriseToEbitda": -6.923, "52WeekChange": 0, "morningStarRiskRating": null, "forwardEps": null, "revenueQuarterlyGrowth": null, "sharesOutstanding": 68105000, "fundInceptionDate": null, "annualReportExpenseRatio": null, "totalAssets": null, "bookValue": -0.026, "sharesShort": 0, "sharesPercentSharesOut": 0, "fundFamily": null, "lastFiscalYearEnd": 1609372800, "heldPercentInstitutions": 0.00014999999, "netIncomeToCommon": -631497, "trailingEps": -0.009, "lastDividendValue": 0.013, "SandP52WeekChange": 0.29989743, "priceToBook": null, "heldPercentInsiders": 0.15799, "nextFiscalYearEnd": 1672444800, "yield": null, "mostRecentQuarter": 1617148800, "shortRatio": 0, "sharesShortPreviousMonthDate": 1097539200, "floatShares": 57778202, "beta": 0.315016, "enterpriseValue": 4574886, "priceHint": 4, "threeYearAverageReturn": null, "lastSplitDate": 874540800, "lastSplitFactor": "2:1", "legalType": null, "lastDividendDate": 630115200, "morningStarOverallRating": null, "earningsQuarterlyGrowth": null, "priceToSalesTrailing12Months": null, "dateShortInterest": 1102636800, "pegRatio": null, "ytdReturn": null, "forwardPE": null, "maxAge": 1, "lastCapGain": null, "shortPercentOfFloat": null, "sharesShortPriorMonth": 1000, "impliedSharesOutstanding": null, "category": null, "fiveYearAverageReturn": null}, "details": null, "summaryProfile": {"zip": "11716", "sector": "Technology", "fullTimeEmployees": 9, "longBusinessSummary": "Andrea Electronics Corporation designs, develops, and manufactures digital microphone products and noise reduction software that facilitate natural language and human/machine interfaces for the computer and business enterprise markets in the United States and internationally. It develops digital signal processing (DSP) products and technologies for the voice, speech and natural language interface markets. The company's DSP microphone and audio noise reduction software products include DA-350 auto array microphone for far-field voice intelligibility and accuracy of automatic speech recognition in automotive and mass transit environments; DA-250 OEM array microphone, a small compact stereo array microphone and DSP circuit board platform; USB-SA array microphone, which offers a USB digital audio adapter to bypass a computer's standard integrated sound system; AudioCommander, a PC audio control panel; an audio software for Mac that offers an intuitive graphic user interface to control stereo array microphone beam forming and noise cancellation on the input and EQ filters; PureAudio Live Recorder, a digital voice and audio recording application; and PureAudio Plus Recorder, which provides bookmarks for navigation of recordings. Its products are used in various applications, including mass transit and automotive communication systems, automated teller machines, information kiosks, quick service restaurant automated ordering, Internet of Things, smart building entrance intercom systems, audio and video recordings, and video surveillance. The company markets and sells its products through sales representatives to computer and kiosk OEMs and industrial system integrators. Andrea Electronics Corporation was incorporated in 1934 and is headquartered in Bohemia, New York.", "city": "Bohemia", "phone": "631 719 1800", "state": "NY", "country": "United States", "companyOfficers": [], "website": "http://www.andreaelectronics.com", "maxAge": 86400, "address1": "620 Johnson Avenue", "fax": "631 719 1998", "industry": "Consumer Electronics", "address2": "Suite 1B"}, "recommendationTrend": {"trend": [{"period": "0m", "strongBuy": 0, "buy": 0, "hold": 0, "sell": 0, "strongSell": 0}, {"period": "-1m", "strongBuy": 0, "buy": 0, "hold": 0, "sell": 0, "strongSell": 0}, {"period": "-2m", "strongBuy": 0, "buy": 0, "hold": 0, "sell": 0, "strongSell": 0}, {"period": "-3m", "strongBuy": 0, "buy": 0, "hold": 0, "sell": 0, "strongSell": 0}], "maxAge": 86400}, "financialsTemplate": {"code": "N", "maxAge": 1}, "earnings": {"maxAge": 86400, "earningsChart": {"quarterly": [], "earningsDate": []}, "financialsChart": {"yearly": [{"date": 2017, "revenue": 6944240, "earnings": -1153731}, {"date": 2018, "revenue": 1464534, "earnings": -945108}, {"date": 2019, "revenue": 1895240, "earnings": -548566}, {"date": 2020, "revenue": 1355363, "earnings": -823835}], "quarterly": [{"date": "2Q2020", "revenue": 255315, "earnings": -242457}, {"date": "3Q2020", "revenue": 386300, "earnings": -150191}, {"date": "4Q2020", "revenue": 331097, "earnings": -234926}, {"date": "1Q2021", "revenue": 426484, "earnings": -3923}]}, "financialCurrency": "USD"}, "price": {"quoteSourceName": "Delayed Quote", "regularMarketOpen": 0.034, "averageDailyVolume3Month": 34140, "exchange": "PNK", "regularMarketTime": 1626807970, "volume24Hr": null, "regularMarketDayHigh": 0.03885, "shortName": "ANDREA ELECTRONICS CORP", "averageDailyVolume10Day": 58566, "longName": "Andrea Electronics Corporation", "regularMarketChange": 0.0020000003, "currencySymbol": "$", "regularMarketPreviousClose": 0.033, "preMarketPrice": null, "exchangeDataDelayedBy": 0, "toCurrency": null, "postMarketChange": null, "postMarketPrice": null, "exchangeName": "Other OTC", "preMarketChange": null, "circulatingSupply": null, "regularMarketDayLow": 0.0334, "priceHint": 4, "currency": "USD", "regularMarketPrice": 0.035, "regularMarketVolume": 6503, "lastMarket": null, "regularMarketSource": "DELAYED", "openInterest": null, "marketState": "PREPRE", "underlyingSymbol": null, "marketCap": 2383675, "quoteType": "EQUITY", "volumeAllCurrencies": null, "strikePrice": null, "symbol": "ANDR", "maxAge": 1, "fromCurrency": null, "regularMarketChangePercent": 0.06060607}, "financialData": {"ebitdaMargins": -0.47228, "profitMargins": -0.45133, "grossMargins": 0.64647, "operatingCashflow": -613438, "revenueGrowth": 0.115, "operatingMargins": -0.50507, "ebitda": -660811, "targetLowPrice": null, "recommendationKey": "none", "grossProfits": 877764, "freeCashflow": -357418, "targetMedianPrice": null, "currentPrice": 0.035, "earningsGrowth": null, "currentRatio": 1.9, "returnOnAssets": -0.33908, "numberOfAnalystOpinions": null, "targetMeanPrice": null, "debtToEquity": null, "returnOnEquity": null, "targetHighPrice": null, "totalCash": 389995, "totalDebt": 2708346, "totalRevenue": 1399196, "totalCashPerShare": 0.006, "financialCurrency": "USD", "maxAge": 86400, "revenuePerShare": 0.021, "quickRatio": 1.361, "recommendationMean": null}, "quoteType": {"exchange": "PNK", "shortName": "ANDREA ELECTRONICS CORP", "longName": "Andrea Electronics Corporation", "exchangeTimezoneName": "America/New_York", "exchangeTimezoneShortName": "EDT", "isEsgPopulated": false, "gmtOffSetMilliseconds": "-14400000", "quoteType": "EQUITY", "symbol": "ANDR", "messageBoardId": "finmb_251514", "market": "us_market"}, "calendarEvents": {"maxAge": 1, "earnings": {"earningsDate": [], "earningsAverage": null, "earningsLow": null, "earningsHigh": null, "revenueAverage": null, "revenueLow": null, "revenueHigh": null}, "exDividendDate": 630115200, "dividendDate": null}, "summaryDetail": {"previousClose": 0.033, "regularMarketOpen": 0.034, "twoHundredDayAverage": 0.056102943, "trailingAnnualDividendYield": null, "payoutRatio": 0, "volume24Hr": null, "regularMarketDayHigh": 0.03885, "navPrice": null, "averageDailyVolume10Day": 58566, "totalAssets": null, "regularMarketPreviousClose": 0.033, "fiftyDayAverage": 0.043529414, "trailingAnnualDividendRate": null, "open": 0.034, "toCurrency": null, "averageVolume10days": 58566, "expireDate": null, "yield": null, "algorithm": null, "dividendRate": null, "exDividendDate": 630115200, "beta": 0.315016, "circulatingSupply": null, "startDate": null, "regularMarketDayLow": 0.0334, "priceHint": 4, "currency": "USD", "regularMarketVolume": 6503, "lastMarket": null, "maxSupply": null, "openInterest": null, "marketCap": 2383675, "volumeAllCurrencies": null, "strikePrice": null, "averageVolume": 34140, "priceToSalesTrailing12Months": 1.7036034, "dayLow": 0.0334, "ask": 0, "ytdReturn": null, "askSize": 0, "volume": 6503, "fiftyTwoWeekHigh": 0.1, "forwardPE": null, "maxAge": 1, "fromCurrency": null, "fiveYearAvgDividendYield": null, "fiftyTwoWeekLow": 0.02, "bid": 0, "tradeable": false, "dividendYield": null, "bidSize": 0, "dayHigh": 0.03885}, "symbol": "ANDR", "esgScores": null, "upgradeDowngradeHistory": null, "pageViews": null}, "APWL": {"defaultKeyStatistics": {"annualHoldingsTurnover": null, "enterpriseToRevenue": 13.193, "beta3Year": null, "profitMargins": 0.00083, "enterpriseToEbitda": null, "52WeekChange": 57.25, "morningStarRiskRating": null, "forwardEps": null, "revenueQuarterlyGrowth": null, "sharesOutstanding": 203554000, "fundInceptionDate": null, "annualReportExpenseRatio": null, "totalAssets": null, "bookValue": -0.012, "sharesShort": null, "sharesPercentSharesOut": null, "fundFamily": null, "lastFiscalYearEnd": 1167523200, "heldPercentInstitutions": 0, "netIncomeToCommon": 540, "trailingEps": 0, "lastDividendValue": null, "SandP52WeekChange": 0.29989743, "priceToBook": null, "heldPercentInsiders": 0, "nextFiscalYearEnd": 1230681600, "yield": null, "mostRecentQuarter": 1167523200, "shortRatio": null, "sharesShortPreviousMonthDate": null, "floatShares": null, "beta": 55.7753, "enterpriseValue": 8632639, "priceHint": 4, "threeYearAverageReturn": null, "lastSplitDate": null, "lastSplitFactor": null, "legalType": null, "lastDividendDate": null, "morningStarOverallRating": null, "earningsQuarterlyGrowth": null, "priceToSalesTrailing12Months": null, "dateShortInterest": null, "pegRatio": null, "ytdReturn": null, "forwardPE": null, "maxAge": 1, "lastCapGain": null, "shortPercentOfFloat": null, "sharesShortPriorMonth": null, "impliedSharesOutstanding": null, "category": null, "fiveYearAverageReturn": null}, "details": null, "summaryProfile": {"zip": "73802-0429", "sector": "Technology", "longBusinessSummary": "Advanced Powerline Technologies, Inc. engages in developing, producing, and marketing high technology products. It provides liquid crystal display (LCD) digital televisions with high definition tuners. The company also focuses on the creation and development of broadband over power line and power line communications friendly devices, products, and services. It intends to utilize the technology within its existing product platforms. The company was founded in 1982. The company was formerly known as AC/DC Communications, Inc. and changed its name to Advanced Powerline Technologies, Inc. in 2004. Advanced Powerline Technologies is headquartered in Woodward, Oklahoma. On December 21, 2007, Bronzesport Industries, Inc. filed a voluntary petition for liquidation under Chapter 7 in the U.S. Bankruptcy Court for the District of Nevada.", "city": "Woodward", "phone": "580-216-2082", "state": "OK", "country": "United States", "companyOfficers": [], "maxAge": 86400, "address1": "One APT Drive", "fax": "580-921-2345", "industry": "Consumer Electronics"}, "recommendationTrend": {"trend": [{"period": "0m", "strongBuy": 0, "buy": 0, "hold": 0, "sell": 0, "strongSell": 0}, {"period": "-1m", "strongBuy": 0, "buy": 0, "hold": 0, "sell": 0, "strongSell": 0}, {"period": "-2m", "strongBuy": 0, "buy": 0, "hold": 0, "sell": 0, "strongSell": 0}, {"period": "-3m", "strongBuy": 0, "buy": 0, "hold": 0, "sell": 0, "strongSell": 0}], "maxAge": 86400}, "financialsTemplate": {"code": "N", "maxAge": 1}, "earnings": {"maxAge": 86400, "earningsChart": {"quarterly": [], "earningsDate": []}, "financialsChart": {"yearly": [{"date": 2004, "revenue": 0, "earnings": 11460000}, {"date": 2005, "revenue": 0, "earnings": -2867423}, {"date": 2006, "revenue": 654322, "earnings": 540}], "quarterly": [{"date": "1Q2006", "revenue": 2000, "earnings": -173803}, {"date": "2Q2006", "revenue": 29960, "earnings": -5721}, {"date": "3Q2006", "revenue": 10460, "earnings": -5545}, {"date": "4Q2006", "revenue": 611902, "earnings": 185609}]}, "financialCurrency": "USD"}, "price": {"quoteSourceName": "Delayed Quote", "regularMarketOpen": 0.09, "averageDailyVolume3Month": 81416, "exchange": "PNK", "regularMarketTime": 1626799335, "volume24Hr": null, "regularMarketDayHigh": 0.09, "shortName": "ADVANCED POWELINE TECHNOLOGIES ", "averageDailyVolume10Day": 174751, "longName": "Advanced Powerline Technologies, Inc.", "regularMarketChange": 0.029399998, "currencySymbol": "$", "regularMarketPreviousClose": 0.0405, "preMarketPrice": null, "exchangeDataDelayedBy": 0, "toCurrency": null, "postMarketChange": null, "postMarketPrice": null, "exchangeName": "Other OTC", "preMarketChange": null, "circulatingSupply": null, "regularMarketDayLow": 0.044, "priceHint": 4, "currency": "USD", "regularMarketPrice": 0.0699, "regularMarketVolume": 24100, "lastMarket": null, "regularMarketSource": "DELAYED", "openInterest": null, "marketState": "PREPRE", "underlyingSymbol": null, "marketCap": 14189700, "quoteType": "EQUITY", "volumeAllCurrencies": null, "strikePrice": null, "symbol": "APWL", "maxAge": 1, "fromCurrency": null, "regularMarketChangePercent": 0.7259258}, "financialData": {"ebitdaMargins": 0, "profitMargins": 0.00083, "grossMargins": 0.58471, "operatingCashflow": -13815, "revenueGrowth": null, "operatingMargins": -0.0061799996, "ebitda": null, "targetLowPrice": null, "recommendationKey": "none", "grossProfits": 382590, "freeCashflow": 9971, "targetMedianPrice": null, "currentPrice": 0.0699, "earningsGrowth": null, "currentRatio": 0, "returnOnAssets": -0.00055, "numberOfAnalystOpinions": null, "targetMeanPrice": null, "debtToEquity": null, "returnOnEquity": 0.00029999999, "targetHighPrice": null, "totalCash": 480, "totalDebt": 333243, "totalRevenue": 654322, "totalCashPerShare": 0, "financialCurrency": "USD", "maxAge": 86400, "revenuePerShare": 0.003, "quickRatio": 0, "recommendationMean": null}, "quoteType": {"exchange": "PNK", "shortName": "ADVANCED POWELINE TECHNOLOGIES ", "longName": "Advanced Powerline Technologies, Inc.", "exchangeTimezoneName": "America/New_York", "exchangeTimezoneShortName": "EDT", "isEsgPopulated": false, "gmtOffSetMilliseconds": "-14400000", "quoteType": "EQUITY", "symbol": "APWL", "messageBoardId": "finmb_10527765", "market": "us_market"}, "calendarEvents": {"maxAge": 1, "earnings": {"earningsDate": [], "earningsAverage": null, "earningsLow": null, "earningsHigh": null, "revenueAverage": null, "revenueLow": null, "revenueHigh": null}, "exDividendDate": null, "dividendDate": null}, "summaryDetail": {"previousClose": 0.0405, "regularMarketOpen": 0.09, "twoHundredDayAverage": 0.010331206, "trailingAnnualDividendYield": null, "payoutRatio": null, "volume24Hr": null, "regularMarketDayHigh": 0.09, "navPrice": null, "averageDailyVolume10Day": 174751, "totalAssets": null, "regularMarketPreviousClose": 0.0405, "fiftyDayAverage": 0.030922856, "trailingAnnualDividendRate": null, "open": 0.09, "toCurrency": null, "averageVolume10days": 174751, "expireDate": null, "yield": null, "algorithm": null, "dividendRate": null, "exDividendDate": null, "beta": 55.7753, "circulatingSupply": null, "startDate": null, "regularMarketDayLow": 0.044, "priceHint": 4, "currency": "USD", "trailingPE": "Infinity", "regularMarketVolume": 24100, "lastMarket": null, "maxSupply": null, "openInterest": null, "marketCap": 14189700, "volumeAllCurrencies": null, "strikePrice": null, "averageVolume": 81416, "priceToSalesTrailing12Months": 21.686111, "dayLow": 0.044, "ask": 0, "ytdReturn": null, "askSize": 0, "volume": 24100, "fiftyTwoWeekHigh": 0.1, "forwardPE": null, "maxAge": 1, "fromCurrency": null, "fiveYearAvgDividendYield": null, "fiftyTwoWeekLow": 0.0008, "bid": 0, "tradeable": false, "dividendYield": null, "bidSize": 0, "dayHigh": 0.09}, "symbol": "APWL", "esgScores": null, "upgradeDowngradeHistory": null, "pageViews": null}, "ATER": {"defaultKeyStatistics": {"annualHoldingsTurnover": null, "enterpriseToRevenue": 1.901, "beta3Year": null, "profitMargins": -0.62748003, "enterpriseToEbitda": -26.176, "52WeekChange": 0.4956522, "morningStarRiskRating": null, "forwardEps": null, "revenueQuarterlyGrowth": null, "sharesOutstanding": 34098100, "fundInceptionDate": null, "annualReportExpenseRatio": null, "totalAssets": null, "bookValue": 1.38, "sharesShort": 4459495, "sharesPercentSharesOut": 0.1308, "fundFamily": null, "lastFiscalYearEnd": 1609372800, "heldPercentInstitutions": 0.20172001, "netIncomeToCommon": -130649000, "trailingEps": -6.557, "lastDividendValue": null, "SandP52WeekChange": 0.29989743, "priceToBook": 7.804348, "heldPercentInsiders": 0.33889, "nextFiscalYearEnd": 1672444800, "yield": null, "mostRecentQuarter": 1617148800, "shortRatio": 5.44, "sharesShortPreviousMonthDate": 1622160000, "floatShares": 15592479, "beta": 4.242303, "enterpriseValue": 395853792, "priceHint": 2, "threeYearAverageReturn": null, "lastSplitDate": null, "lastSplitFactor": null, "legalType": null, "lastDividendDate": null, "morningStarOverallRating": null, "earningsQuarterlyGrowth": null, "priceToSalesTrailing12Months": null, "dateShortInterest": 1625011200, "pegRatio": null, "ytdReturn": null, "forwardPE": -153.85715, "maxAge": 1, "lastCapGain": null, "shortPercentOfFloat": 0.1602, "sharesShortPriorMonth": 3931385, "impliedSharesOutstanding": null, "category": null, "fiveYearAverageReturn": null}, "details": null, "summaryProfile": {"zip": "10003", "sector": "Technology", "fullTimeEmployees": 120, "longBusinessSummary": "Aterian, Inc., together with its subsidiaries, operates as a technology-enabled consumer products company in North America and internationally. It provides Artificial Intelligence Mohawk e-Commerce Engine, a software technology platform, which uses machine learning, natural language processing, and data analytics to design, develop, market, and sell products. The company's platform provides home and kitchen appliances; kitchenware, heating, cooling, and health and beauty products; and air quality appliances, such as dehumidifiers, humidifiers, and air conditioners under the hOmeLabs, Vremi, Xtava, RIF6, Aussie Health, Holonix, Truweo, Mueller, Pursteam, Pohl and Schmitt, and Spiralizer brands. It also sells essential oils. The company primarily serves individual online consumers through Amazon and other e-commerce platforms, as well as through its owned and operated websites and other marketplaces. The company was formerly known as Mohawk Group Holdings, Inc. and changes its name to Aterian, Inc. in April 2021. Aterian, Inc. was founded in 2014 and is headquartered in New York, New York.", "city": "New York", "phone": "917 905 0311", "state": "NY", "country": "United States", "companyOfficers": [], "website": "http://www.aterian.io", "maxAge": 86400, "address1": "37 East 18th Street", "industry": "Consumer Electronics", "address2": "7th Floor"}, "recommendationTrend": {"trend": [{"period": "0m", "strongBuy": 0, "buy": 0, "hold": 0, "sell": 0, "strongSell": 0}, {"period": "-1m", "strongBuy": 3, "buy": 3, "hold": 0, "sell": 0, "strongSell": 0}, {"period": "-2m", "strongBuy": 0, "buy": 0, "hold": 0, "sell": 0, "strongSell": 0}, {"period": "-3m", "strongBuy": 0, "buy": 0, "hold": 0, "sell": 0, "strongSell": 0}], "maxAge": 86400}, "financialsTemplate": {"code": "N", "maxAge": 1}, "earnings": {"maxAge": 86400, "earningsChart": {"quarterly": [{"date": "2Q2020", "actual": -0.19, "estimate": -0.02}, {"date": "3Q2020", "actual": -0.05, "estimate": -0.28}, {"date": "4Q2020", "actual": -0.33, "estimate": -0.31}, {"date": "1Q2021", "actual": -3.15, "estimate": -0.26}], "currentQuarterEstimate": -0.19, "currentQuarterEstimateDate": "2Q", "currentQuarterEstimateYear": 2021, "earningsDate": [1627430400, 1627862400]}, "financialsChart": {"yearly": [{"date": 2017, "revenue": 36459000, "earnings": -23067000}, {"date": 2018, "revenue": 73279000, "earnings": -31823000}, {"date": 2019, "revenue": 114451000, "earnings": -58789000}, {"date": 2020, "revenue": 185704000, "earnings": -63126000}], "quarterly": [{"date": "2Q2020", "revenue": 59800000, "earnings": -2937000}, {"date": "3Q2020", "revenue": 58783000, "earnings": -805000}, {"date": "4Q2020", "revenue": 41492000, "earnings": -44354000}, {"date": "1Q2021", "revenue": 48136000, "earnings": -82553000}]}, "financialCurrency": "USD"}, "price": {"quoteSourceName": "Delayed Quote", "regularMarketOpen": 10.51, "averageDailyVolume3Month": 938162, "exchange": "NCM", "regularMarketTime": 1626811203, "volume24Hr": null, "regularMarketDayHigh": 10.85, "shortName": "Aterian, Inc.", "averageDailyVolume10Day": 692150, "longName": "Aterian, Inc.", "regularMarketChange": 0.45000076, "currencySymbol": "$", "regularMarketPreviousClose": 10.32, "postMarketTime": 1626825558, "preMarketPrice": null, "exchangeDataDelayedBy": 0, "toCurrency": null, "postMarketChange": 0.37999916, "postMarketPrice": 11.15, "exchangeName": "NasdaqCM", "preMarketChange": null, "circulatingSupply": null, "regularMarketDayLow": 10.01, "priceHint": 2, "currency": "USD", "regularMarketPrice": 10.77, "regularMarketVolume": 850647, "lastMarket": null, "regularMarketSource": "FREE_REALTIME", "openInterest": null, "marketState": "PREPRE", "underlyingSymbol": null, "marketCap": 367236544, "quoteType": "EQUITY", "volumeAllCurrencies": null, "postMarketSource": "DELAYED", "strikePrice": null, "symbol": "ATER", "postMarketChangePercent": 0.035283115, "preMarketSource": "DELAYED", "maxAge": 1, "fromCurrency": null, "regularMarketChangePercent": 0.043604728}, "financialData": {"ebitdaMargins": -0.07263, "profitMargins": -0.62748003, "grossMargins": 0.49422002, "operatingCashflow": 14687000, "revenueGrowth": 0.878, "operatingMargins": -0.08087, "ebitda": -15123000, "targetLowPrice": 25, "recommendationKey": "strong_buy", "grossProfits": 85329000, "freeCashflow": 11430000, "targetMedianPrice": 36, "currentPrice": 10.77, "earningsGrowth": null, "currentRatio": 1.149, "returnOnAssets": -0.06289, "numberOfAnalystOpinions": 6, "targetMeanPrice": 37.17, "debtToEquity": 338.711, "returnOnEquity": -6.30241, "targetHighPrice": 50, "totalCash": 34995000, "totalDebt": 130285000, "totalRevenue": 208212000, "totalCashPerShare": 1.254, "financialCurrency": "USD", "maxAge": 86400, "revenuePerShare": 10.449, "quickRatio": 0.398, "recommendationMean": 1.5}, "quoteType": {"exchange": "NCM", "shortName": "Aterian, Inc.", "longName": "Aterian, Inc.", "exchangeTimezoneName": "America/New_York", "exchangeTimezoneShortName": "EDT", "isEsgPopulated": false, "gmtOffSetMilliseconds": "-14400000", "quoteType": "EQUITY", "symbol": "ATER", "messageBoardId": "finmb_378817337", "market": "us_market"}, "calendarEvents": {"maxAge": 1, "earnings": {"earningsDate": [1627430400, 1627862400], "earningsAverage": -0.19, "earningsLow": -0.3, "earningsHigh": -0.09, "revenueAverage": 94310000, "revenueLow": 90530000, "revenueHigh": 99800000}, "exDividendDate": null, "dividendDate": null}, "summaryDetail": {"previousClose": 10.32, "regularMarketOpen": 10.51, "twoHundredDayAverage": 24.555368, "trailingAnnualDividendYield": null, "payoutRatio": 0, "volume24Hr": null, "regularMarketDayHigh": 10.85, "navPrice": null, "averageDailyVolume10Day": 692150, "totalAssets": null, "regularMarketPreviousClose": 10.32, "fiftyDayAverage": 15.165588, "trailingAnnualDividendRate": null, "open": 10.51, "toCurrency": null, "averageVolume10days": 692150, "expireDate": null, "yield": null, "algorithm": null, "dividendRate": null, "exDividendDate": null, "beta": 4.242303, "circulatingSupply": null, "startDate": null, "regularMarketDayLow": 10.01, "priceHint": 2, "currency": "USD", "regularMarketVolume": 850647, "lastMarket": null, "maxSupply": null, "openInterest": null, "marketCap": 367236544, "volumeAllCurrencies": null, "strikePrice": null, "averageVolume": 938162, "priceToSalesTrailing12Months": 1.7637626, "dayLow": 10.01, "ask": 0, "ytdReturn": null, "askSize": 1000, "volume": 850647, "fiftyTwoWeekHigh": 48.99, "forwardPE": null, "maxAge": 1, "fromCurrency": null, "fiveYearAvgDividendYield": null, "fiftyTwoWeekLow": 6.15, "bid": 0, "tradeable": false, "dividendYield": null, "bidSize": 800, "dayHigh": 10.85}, "symbol": "ATER", "esgScores": null, "upgradeDowngradeHistory": {"history": [{"epochGradeDate": 1623427476, "firm": "Roth Capital", "toGrade": "Buy", "fromGrade": "", "action": "main"}], "maxAge": 86400}, "pageViews": {"shortTermTrend": "UP", "midTermTrend": "UP", "longTermTrend": "UP", "maxAge": 1}}, "BZIC": {"defaultKeyStatistics": {"annualHoldingsTurnover": null, "enterpriseToRevenue": 13.114, "beta3Year": null, "profitMargins": 0, "enterpriseToEbitda": -1.638, "52WeekChange": -0.5555556, "morningStarRiskRating": null, "forwardEps": null, "revenueQuarterlyGrowth": null, "sharesOutstanding": 67503504, "fundInceptionDate": null, "annualReportExpenseRatio": null, "totalAssets": null, "bookValue": -0.08, "sharesShort": null, "sharesPercentSharesOut": null, "fundFamily": null, "lastFiscalYearEnd": 1404086400, "heldPercentInstitutions": null, "netIncomeToCommon": -3993816, "trailingEps": -0.097, "lastDividendValue": null, "SandP52WeekChange": 0.29989743, "priceToBook": null, "heldPercentInsiders": null, "nextFiscalYearEnd": 1467244800, "yield": null, "mostRecentQuarter": 1419984000, "shortRatio": null, "sharesShortPreviousMonthDate": null, "floatShares": null, "beta": 2.869423, "enterpriseValue": 4884099, "priceHint": 4, "threeYearAverageReturn": null, "lastSplitDate": null, "lastSplitFactor": null, "legalType": null, "lastDividendDate": null, "morningStarOverallRating": null, "earningsQuarterlyGrowth": null, "priceToSalesTrailing12Months": null, "dateShortInterest": null, "pegRatio": null, "ytdReturn": null, "forwardPE": null, "maxAge": 1, "lastCapGain": null, "shortPercentOfFloat": null, "sharesShortPriorMonth": null, "impliedSharesOutstanding": null, "category": null, "fiveYearAverageReturn": null}, "details": null, "summaryProfile": {"zip": "85260", "sector": "Technology", "fullTimeEmployees": 2, "longBusinessSummary": "Beamz Interactive, Inc. develops and sells interactive laser controller technology for various music, game, education, therapy, senior care, lighting, and consumer applications worldwide. The company's product offerings consist of the Beamz Education and Healthcare product family, which includes the Beamz EHC Professional Edition designed for use by professionals in educational or therapeutic settings, and Home Edition, which is designed to participate in making music; the Beamz By Flo consumer product family; and stand-alone software applications that work on PCs, MACs, iPhones, iPads, and Android devices without connecting to the Beamz hardware. Beamz Interactive, Inc. provides its products online, as well as directly to education markets. The company has entered into agreements with The Learning Station and Gigglebellies (Magic Factory) to adapt early learning educational and entertainment videos. The company was formerly known as HumanBeams, Inc. and changed its name to Beamz Interactive, Inc. in December 2007. Beamz Interactive, Inc. was founded in 2001 and is based in Scottsdale, Arizona.", "city": "Scottsdale", "phone": "480-424-2053", "state": "AZ", "country": "United States", "companyOfficers": [], "website": "http://www.thebeamz.com", "maxAge": 86400, "address1": "15354 North 83rd Way", "fax": "877-591-8899", "industry": "Consumer Electronics", "address2": "Suite 101"}, "recommendationTrend": null, "financialsTemplate": {"code": "N", "maxAge": 1}, "earnings": null, "price": {"quoteSourceName": "Delayed Quote", "regularMarketOpen": 0.004, "averageDailyVolume3Month": 30129, "exchange": "PNK", "regularMarketTime": 1626356381, "volume24Hr": null, "regularMarketDayHigh": 0.004, "shortName": "BEAMZ INTERACTIVE INC", "averageDailyVolume10Day": 111833, "longName": "Beamz Interactive, Inc.", "regularMarketChange": 0, "currencySymbol": "$", "regularMarketPreviousClose": 0.004, "preMarketPrice": null, "exchangeDataDelayedBy": 0, "toCurrency": null, "postMarketChange": null, "postMarketPrice": null, "exchangeName": "Other OTC", "preMarketChange": null, "circulatingSupply": null, "regularMarketDayLow": 0.004, "priceHint": 4, "currency": "USD", "regularMarketPrice": 0.004, "regularMarketVolume": 49400, "lastMarket": null, "regularMarketSource": "DELAYED", "openInterest": null, "marketState": "PREPRE", "underlyingSymbol": null, "marketCap": 337516, "quoteType": "EQUITY", "volumeAllCurrencies": null, "strikePrice": null, "symbol": "BZIC", "maxAge": 1, "fromCurrency": null, "regularMarketChangePercent": 0}, "financialData": {"ebitdaMargins": 0, "profitMargins": 0, "grossMargins": 0.20474, "operatingCashflow": -811708, "revenueGrowth": -0.482, "operatingMargins": -8.092609, "ebitda": -2982109, "targetLowPrice": null, "recommendationKey": "none", "grossProfits": 55331, "freeCashflow": -614011, "targetMedianPrice": null, "currentPrice": 0.004, "earningsGrowth": null, "currentRatio": 0.08, "returnOnAssets": -1.83386, "numberOfAnalystOpinions": null, "targetMeanPrice": null, "debtToEquity": null, "returnOnEquity": null, "targetHighPrice": null, "totalCash": 83133, "totalDebt": 4696422, "totalRevenue": 372424, "totalCashPerShare": 0.001, "financialCurrency": "USD", "maxAge": 86400, "revenuePerShare": 0.009, "quickRatio": 0.018, "recommendationMean": null}, "quoteType": {"exchange": "PNK", "shortName": "BEAMZ INTERACTIVE INC", "longName": "Beamz Interactive, Inc.", "exchangeTimezoneName": "America/New_York", "exchangeTimezoneShortName": "EDT", "isEsgPopulated": false, "gmtOffSetMilliseconds": "-14400000", "quoteType": "EQUITY", "symbol": "BZIC", "messageBoardId": "finmb_106595296", "market": "us_market"}, "calendarEvents": {"maxAge": 1, "earnings": {"earningsDate": [], "earningsAverage": null, "earningsLow": null, "earningsHigh": null, "revenueAverage": null, "revenueLow": null, "revenueHigh": null}, "exDividendDate": null, "dividendDate": null}, "summaryDetail": {"previousClose": 0.004, "regularMarketOpen": 0.004, "twoHundredDayAverage": 0.0065, "trailingAnnualDividendYield": null, "payoutRatio": 0, "volume24Hr": null, "regularMarketDayHigh": 0.004, "navPrice": null, "averageDailyVolume10Day": 111833, "totalAssets": null, "regularMarketPreviousClose": 0.004, "fiftyDayAverage": 0.006294118, "trailingAnnualDividendRate": null, "open": 0.004, "toCurrency": null, "averageVolume10days": 111833, "expireDate": null, "yield": null, "algorithm": null, "dividendRate": null, "exDividendDate": null, "beta": 2.869423, "circulatingSupply": null, "startDate": null, "regularMarketDayLow": 0.004, "priceHint": 4, "currency": "USD", "regularMarketVolume": 49400, "lastMarket": null, "maxSupply": null, "openInterest": null, "marketCap": 337516, "volumeAllCurrencies": null, "strikePrice": null, "averageVolume": 30129, "priceToSalesTrailing12Months": 0.9062681, "dayLow": 0.004, "ask": 0, "ytdReturn": null, "askSize": 0, "volume": 49400, "fiftyTwoWeekHigh": 0.02, "forwardPE": null, "maxAge": 1, "fromCurrency": null, "fiveYearAvgDividendYield": null, "fiftyTwoWeekLow": 0.002, "bid": 0, "tradeable": false, "dividendYield": null, "bidSize": 0, "dayHigh": 0.004}, "symbol": "BZIC", "esgScores": null, "upgradeDowngradeHistory": null, "pageViews": null}, "CTXV": {"defaultKeyStatistics": {"annualHoldingsTurnover": null, "enterpriseToRevenue": 0.003, "beta3Year": null, "profitMargins": 0.114029996, "enterpriseToEbitda": 0.024, "52WeekChange": 1, "morningStarRiskRating": null, "forwardEps": null, "revenueQuarterlyGrowth": null, "sharesOutstanding": 20261300, "fundInceptionDate": null, "annualReportExpenseRatio": null, "totalAssets": null, "bookValue": -0.127, "sharesShort": null, "sharesPercentSharesOut": null, "fundFamily": null, "lastFiscalYearEnd": 1356912000, "heldPercentInstitutions": null, "netIncomeToCommon": 13587643, "trailingEps": 0.39, "lastDividendValue": null, "SandP52WeekChange": 0.29989743, "priceToBook": null, "heldPercentInsiders": null, "nextFiscalYearEnd": 1419984000, "yield": null, "mostRecentQuarter": null, "shortRatio": null, "sharesShortPreviousMonthDate": null, "floatShares": null, "beta": -30.349293, "enterpriseValue": 407278, "priceHint": 4, "threeYearAverageReturn": null, "lastSplitDate": 1269475200, "lastSplitFactor": "1:125", "legalType": null, "lastDividendDate": null, "morningStarOverallRating": null, "earningsQuarterlyGrowth": null, "priceToSalesTrailing12Months": null, "dateShortInterest": null, "pegRatio": null, "ytdReturn": null, "forwardPE": null, "maxAge": 1, "lastCapGain": null, "shortPercentOfFloat": null, "sharesShortPriorMonth": null, "impliedSharesOutstanding": null, "category": null, "fiveYearAverageReturn": null}, "details": null, "summaryProfile": {"zip": "33431", "sector": "Technology", "longBusinessSummary": "CTX Virtual Technologies, Inc. manufactures and sells mobile communication and electronic devices. The company, through its subsidiary, Kaibida International Limited, designs and manufactures printed circuit boards, surface mounted technology components, and cellular telephones, including Smartphones and PDAs to network operators and original equipment manufacturers. Its other subsidiary, Celluon Technology Holdings Ltd., is involved in the manufacture and sale of virtual 3-D electronic perception products, including proprietary stand-alone external virtual keyboard for Smartphones and Pads. The company also manufactures and sells the MiSeeTX mini-computer, a fully functioning small computer incorporating various virtual input and output technologies while running the Windows XP, Android, or Windows 7 platforms. In addition, it provides virtual projection products, such as the virtual keyboards used in hospitals and medical clinics to prevent the spread of bacteria and viruses. CTX Virtual Technologies, Inc. is based in Boca Raton, Florida with offices in Hong Kong; Toronto, Canada; and Las Vegas, Nevada.", "city": "Boca Raton", "phone": "561-962-2835", "state": "FL", "country": "United States", "companyOfficers": [], "website": "http://www.ctxtechnologies.com", "maxAge": 86400, "address1": "2385 NW Executive Center Drive", "industry": "Consumer Electronics"}, "recommendationTrend": null, "financialsTemplate": {"code": "N", "maxAge": 1}, "earnings": null, "price": {"quoteSourceName": "Delayed Quote", "regularMarketOpen": 0.02, "averageDailyVolume3Month": 147, "exchange": "PNK", "regularMarketTime": 1626703813, "volume24Hr": null, "regularMarketDayHigh": 0.02, "shortName": "CTX VIRTUAL TECHNOLOGIES INC", "averageDailyVolume10Day": 262, "longName": "CTX Virtual Technologies, Inc.", "regularMarketChange": 0, "currencySymbol": "$", "regularMarketPreviousClose": 0.02, "preMarketPrice": null, "exchangeDataDelayedBy": 0, "toCurrency": null, "postMarketChange": null, "postMarketPrice": null, "exchangeName": "Other OTC", "preMarketChange": null, "circulatingSupply": null, "regularMarketDayLow": 0.02, "priceHint": 4, "currency": "USD", "regularMarketPrice": 0.02, "regularMarketVolume": 200, "lastMarket": null, "regularMarketSource": "DELAYED", "openInterest": null, "marketState": "PREPRE", "underlyingSymbol": null, "marketCap": 405226, "quoteType": "EQUITY", "volumeAllCurrencies": null, "strikePrice": null, "symbol": "CTXV", "maxAge": 1, "fromCurrency": null, "regularMarketChangePercent": 0}, "financialData": {"ebitdaMargins": 0.14187999, "profitMargins": 0.114029996, "grossMargins": 0.16812, "operatingCashflow": 30941368, "revenueGrowth": null, "operatingMargins": 0.123409994, "ebitda": 16906188, "targetLowPrice": null, "recommendationKey": "none", "grossProfits": 20032902, "freeCashflow": 38306752, "targetMedianPrice": null, "currentPrice": 0.02, "earningsGrowth": null, "currentRatio": 0.711, "returnOnAssets": 0.22567, "numberOfAnalystOpinions": null, "targetMeanPrice": null, "debtToEquity": null, "returnOnEquity": 5.66898, "targetHighPrice": null, "totalCash": null, "totalDebt": null, "totalRevenue": 119160232, "totalCashPerShare": null, "financialCurrency": "USD", "maxAge": 86400, "revenuePerShare": 5.852, "quickRatio": 0.381, "recommendationMean": null}, "quoteType": {"exchange": "PNK", "shortName": "CTX VIRTUAL TECHNOLOGIES INC", "longName": "CTX Virtual Technologies, Inc.", "exchangeTimezoneName": "America/New_York", "exchangeTimezoneShortName": "EDT", "isEsgPopulated": false, "gmtOffSetMilliseconds": "-14400000", "quoteType": "EQUITY", "symbol": "CTXV", "messageBoardId": "finmb_97183453", "market": "us_market"}, "calendarEvents": {"maxAge": 1, "earnings": {"earningsDate": [], "earningsAverage": null, "earningsLow": null, "earningsHigh": null, "revenueAverage": null, "revenueLow": null, "revenueHigh": null}, "exDividendDate": null, "dividendDate": null}, "summaryDetail": {"previousClose": 0.02, "regularMarketOpen": 0.02, "twoHundredDayAverage": 0.13735, "trailingAnnualDividendYield": null, "payoutRatio": null, "volume24Hr": null, "regularMarketDayHigh": 0.02, "navPrice": null, "averageDailyVolume10Day": 262, "totalAssets": null, "regularMarketPreviousClose": 0.02, "fiftyDayAverage": 0.11, "trailingAnnualDividendRate": null, "open": 0.02, "toCurrency": null, "averageVolume10days": 262, "expireDate": null, "yield": null, "algorithm": null, "dividendRate": null, "exDividendDate": null, "beta": -30.349293, "circulatingSupply": null, "startDate": null, "regularMarketDayLow": 0.02, "priceHint": 4, "currency": "USD", "trailingPE": 0.051282052, "regularMarketVolume": 200, "lastMarket": null, "maxSupply": null, "openInterest": null, "marketCap": 405226, "volumeAllCurrencies": null, "strikePrice": null, "averageVolume": 147, "priceToSalesTrailing12Months": 0.0034006815, "dayLow": 0.02, "ask": null, "ytdReturn": null, "askSize": null, "volume": 200, "fiftyTwoWeekHigh": 0.3, "forwardPE": null, "maxAge": 1, "fromCurrency": null, "fiveYearAvgDividendYield": null, "fiftyTwoWeekLow": 0.02, "bid": null, "tradeable": false, "dividendYield": null, "bidSize": null, "dayHigh": 0.02}, "symbol": "CTXV", "esgScores": null, "upgradeDowngradeHistory": null, "pageViews": null}, "EXEO": {"defaultKeyStatistics": {"annualHoldingsTurnover": null, "enterpriseToRevenue": 587.08, "beta3Year": null, "profitMargins": 0, "enterpriseToEbitda": -7.244, "52WeekChange": -0.6375, "morningStarRiskRating": null, "forwardEps": null, "revenueQuarterlyGrowth": null, "sharesOutstanding": 30709900, "fundInceptionDate": null, "annualReportExpenseRatio": null, "totalAssets": null, "bookValue": -0.142, "sharesShort": null, "sharesPercentSharesOut": null, "fundFamily": null, "lastFiscalYearEnd": 1606694400, "heldPercentInstitutions": 0.00119, "netIncomeToCommon": -1782935, "trailingEps": -0.06, "lastDividendValue": null, "SandP52WeekChange": 0.29989743, "priceToBook": null, "heldPercentInsiders": 0.54577, "nextFiscalYearEnd": 1669766400, "yield": null, "mostRecentQuarter": 1614470400, "shortRatio": null, "sharesShortPreviousMonthDate": null, "floatShares": 13949380, "beta": 0.017954, "enterpriseValue": 10818132, "priceHint": 4, "threeYearAverageReturn": null, "lastSplitDate": null, "lastSplitFactor": null, "legalType": null, "lastDividendDate": null, "morningStarOverallRating": null, "earningsQuarterlyGrowth": null, "priceToSalesTrailing12Months": null, "dateShortInterest": null, "pegRatio": null, "ytdReturn": null, "forwardPE": null, "maxAge": 1, "lastCapGain": null, "shortPercentOfFloat": null, "sharesShortPriorMonth": null, "impliedSharesOutstanding": null, "category": null, "fiveYearAverageReturn": null}, "details": null, "summaryProfile": {"zip": "89118", "sector": "Technology", "fullTimeEmployees": 2, "longBusinessSummary": "Exeo Entertainment, Inc. designs, develops, licenses, manufactures, and markets consumer electronics in the video gaming, music, and smart TV sector. It develops Psyko 5.1 surround sound gaming headphones for consoles; and Krankz MAXX Bluetooth wireless headphones. Exeo Entertainment, Inc. has license agreements with Psyko Audio Labs Canada to manufacture and distribute the Carbon and Krypton line of patented headphones; and Digital Extreme Technologies, Inc. to design and develop the Extreme Gamer, as well as the Black Widow keyboard. Exeo Entertainment, Inc. was incorporated in 2011 and is headquartered in Las Vegas, Nevada.", "city": "Las Vegas", "phone": "702 361 3188", "state": "NV", "country": "United States", "companyOfficers": [], "website": "http://www.exeoent.com", "maxAge": 86400, "address1": "4478 Wagon Trail Avenue", "industry": "Consumer Electronics"}, "recommendationTrend": null, "financialsTemplate": {"code": "N", "maxAge": 1}, "earnings": null, "price": {"quoteSourceName": "Delayed Quote", "regularMarketOpen": 0.2021, "averageDailyVolume3Month": 2245, "exchange": "PNK", "regularMarketTime": 1626809064, "volume24Hr": null, "regularMarketDayHigh": 0.2779, "shortName": "EXEO ENTERTAINMENT INC", "averageDailyVolume10Day": 0, "longName": "Exeo Entertainment, Inc.", "regularMarketChange": -0.012099981, "currencySymbol": "$", "regularMarketPreviousClose": 0.29, "preMarketPrice": null, "exchangeDataDelayedBy": 0, "toCurrency": null, "postMarketChange": null, "postMarketPrice": null, "exchangeName": "Other OTC", "preMarketChange": null, "circulatingSupply": null, "regularMarketDayLow": 0.2, "priceHint": 4, "currency": "USD", "regularMarketPrice": 0.2779, "regularMarketVolume": 23365, "lastMarket": null, "regularMarketSource": "DELAYED", "openInterest": null, "marketState": "PREPRE", "underlyingSymbol": null, "marketCap": 8905889, "quoteType": "EQUITY", "volumeAllCurrencies": null, "strikePrice": null, "symbol": "EXEO", "maxAge": 1, "fromCurrency": null, "regularMarketChangePercent": -0.041724075}, "financialData": {"ebitdaMargins": 0, "profitMargins": 0, "grossMargins": 0, "operatingCashflow": -590982, "revenueGrowth": -0.647, "operatingMargins": -82.19412, "ebitda": -1493293, "targetLowPrice": null, "recommendationKey": "none", "grossProfits": -213759, "freeCashflow": 50552, "targetMedianPrice": null, "currentPrice": 0.2779, "earningsGrowth": null, "currentRatio": 0.064, "returnOnAssets": -2.00448, "numberOfAnalystOpinions": null, "targetMeanPrice": null, "debtToEquity": null, "returnOnEquity": null, "targetHighPrice": null, "totalCash": 82682, "totalDebt": 284690, "totalRevenue": 18427, "totalCashPerShare": 0.003, "financialCurrency": "USD", "maxAge": 86400, "revenuePerShare": 0.001, "quickRatio": 0.032, "recommendationMean": null}, "quoteType": {"exchange": "PNK", "shortName": "EXEO ENTERTAINMENT INC", "longName": "Exeo Entertainment, Inc.", "exchangeTimezoneName": "America/New_York", "exchangeTimezoneShortName": "EDT", "isEsgPopulated": false, "gmtOffSetMilliseconds": "-14400000", "quoteType": "EQUITY", "symbol": "EXEO", "messageBoardId": "finmb_141257390", "market": "us_market"}, "calendarEvents": {"maxAge": 1, "earnings": {"earningsDate": [], "earningsAverage": null, "earningsLow": null, "earningsHigh": null, "revenueAverage": null, "revenueLow": null, "revenueHigh": null}, "exDividendDate": null, "dividendDate": null}, "summaryDetail": {"previousClose": 0.29, "regularMarketOpen": 0.2021, "twoHundredDayAverage": 0.3606544, "trailingAnnualDividendYield": null, "payoutRatio": 0, "volume24Hr": null, "regularMarketDayHigh": 0.2779, "navPrice": null, "averageDailyVolume10Day": 0, "totalAssets": null, "regularMarketPreviousClose": 0.29, "fiftyDayAverage": 0.2947647, "trailingAnnualDividendRate": null, "open": 0.2021, "toCurrency": null, "averageVolume10days": 0, "expireDate": null, "yield": null, "algorithm": null, "dividendRate": null, "exDividendDate": null, "beta": 0.017954, "circulatingSupply": null, "startDate": null, "regularMarketDayLow": 0.2, "priceHint": 4, "currency": "USD", "regularMarketVolume": 23365, "lastMarket": null, "maxSupply": null, "openInterest": null, "marketCap": 8905889, "volumeAllCurrencies": null, "strikePrice": null, "averageVolume": 2245, "priceToSalesTrailing12Months": 483.30652, "dayLow": 0.2, "ask": 0, "ytdReturn": null, "askSize": 0, "volume": 23365, "fiftyTwoWeekHigh": 0.935, "forwardPE": null, "maxAge": 1, "fromCurrency": null, "fiveYearAvgDividendYield": null, "fiftyTwoWeekLow": 0.2, "bid": 0, "tradeable": false, "dividendYield": null, "bidSize": 0, "dayHigh": 0.2779}, "symbol": "EXEO", "esgScores": null, "upgradeDowngradeHistory": null, "pageViews": null}, "GPRO": {"defaultKeyStatistics": {"annualHoldingsTurnover": null, "enterpriseToRevenue": 1.618, "beta3Year": null, "profitMargins": -0.01375, "enterpriseToEbitda": 30.17, "52WeekChange": 0.96342635, "morningStarRiskRating": null, "forwardEps": 0.8, "revenueQuarterlyGrowth": null, "sharesOutstanding": 125070000, "fundInceptionDate": null, "annualReportExpenseRatio": null, "totalAssets": null, "bookValue": 1.379, "sharesShort": 17223992, "sharesPercentSharesOut": 0.11229999, "fundFamily": null, "lastFiscalYearEnd": 1609372800, "heldPercentInstitutions": 0.7576, "netIncomeToCommon": -13423000, "trailingEps": -0.095, "lastDividendValue": null, "SandP52WeekChange": 0.29989743, "priceToBook": 7.541697, "heldPercentInsiders": 0.013040001, "nextFiscalYearEnd": 1672444800, "yield": null, "mostRecentQuarter": 1617148800, "shortRatio": 5.67, "sharesShortPreviousMonthDate": 1622160000, "floatShares": 122793241, "beta": 1.229597, "enterpriseValue": 1579163648, "priceHint": 2, "threeYearAverageReturn": null, "lastSplitDate": null, "lastSplitFactor": null, "legalType": null, "lastDividendDate": null, "morningStarOverallRating": null, "earningsQuarterlyGrowth": null, "priceToSalesTrailing12Months": null, "dateShortInterest": 1625011200, "pegRatio": 1.69, "ytdReturn": null, "forwardPE": 12.999999, "maxAge": 1, "lastCapGain": null, "shortPercentOfFloat": 0.1551, "sharesShortPriorMonth": 17700640, "impliedSharesOutstanding": 153355008, "category": null, "fiveYearAverageReturn": null}, "details": null, "summaryProfile": {"zip": "94402", "sector": "Technology", "fullTimeEmployees": 758, "longBusinessSummary": "GoPro, Inc. develops and sells cameras, drones, and mountable and wearable accessories in the United States and internationally. The company offers cloud connected HERO7 Silver, HERO7 Black, HERO8 Black, and HERO9 Black waterproof cameras; MAX, a 360-degree waterproof camera; GoPro, a subscription service that offers cloud-based storage solutions and enables subscribers to access, edit, and share content, as well camera protection plans; Quik, a video editing application; and GoPro App, a mobile app that allows users to share and edit their photos and videos. It also offers mounts and accessories comprising equipment-based mounts consisting of helmet, handlebar, roll bar, and tripod mounts that enable consumers to wear the mount on their bodies, such as wrist housings, magnetic swivel clips, chest harnesses, and head straps; media, display, and light mods; spare batteries, dive filters, and charging accessories and cables; and lifestyle gears. In addition, the company provides mobile, desktop, and web applications that provides media workflow for archiving, editing, multi-clip story creation, and sharing content on the fly. GoPro, Inc. markets and sells its products through retailers and distributors, as well as through its website. The company was formerly known as Woodman Labs, Inc. and changed its name to GoPro, Inc. in February 2014. GoPro, Inc. was founded in 2002 and is headquartered in San Mateo, California.", "city": "San Mateo", "phone": "650 332 7600", "state": "CA", "country": "United States", "companyOfficers": [], "website": "http://www.gopro.com", "maxAge": 86400, "address1": "3025 Clearview Way", "industry": "Consumer Electronics"}, "recommendationTrend": {"trend": [{"period": "0m", "strongBuy": 0, "buy": 2, "hold": 9, "sell": 1, "strongSell": 1}, {"period": "-1m", "strongBuy": 1, "buy": 0, "hold": 3, "sell": 1, "strongSell": 1}, {"period": "-2m", "strongBuy": 1, "buy": 0, "hold": 3, "sell": 1, "strongSell": 1}, {"period": "-3m", "strongBuy": 0, "buy": 1, "hold": 10, "sell": 1, "strongSell": 2}], "maxAge": 86400}, "financialsTemplate": {"code": "N", "maxAge": 1}, "earnings": {"maxAge": 86400, "earningsChart": {"quarterly": [{"date": "2Q2020", "actual": -0.2, "estimate": -0.17}, {"date": "3Q2020", "actual": 0.2, "estimate": 0.06}, {"date": "4Q2020", "actual": 0.39, "estimate": 0.38}, {"date": "1Q2021", "actual": 0.03, "estimate": 0}], "currentQuarterEstimate": 0.04, "currentQuarterEstimateDate": "2Q", "currentQuarterEstimateYear": 2021, "earningsDate": [1628121600]}, "financialsChart": {"yearly": [{"date": 2017, "revenue": 1179741000, "earnings": -182873000}, {"date": 2018, "revenue": 1148337000, "earnings": -109034000}, {"date": 2019, "revenue": 1194651000, "earnings": -14642000}, {"date": 2020, "revenue": 891925000, "earnings": -66783000}], "quarterly": [{"date": "2Q2020", "revenue": 134246000, "earnings": -50975000}, {"date": "3Q2020", "revenue": 280507000, "earnings": 3307000}, {"date": "4Q2020", "revenue": 357772000, "earnings": 44413000}, {"date": "1Q2021", "revenue": 203680000, "earnings": -10168000}]}, "financialCurrency": "USD"}, "price": {"quoteSourceName": "Delayed Quote", "regularMarketOpen": 10.22, "averageDailyVolume3Month": 3200248, "exchange": "NMS", "regularMarketTime": 1626811203, "volume24Hr": null, "regularMarketDayHigh": 10.48, "shortName": "GoPro, Inc.", "averageDailyVolume10Day": 2227783, "longName": "GoPro, Inc.", "regularMarketChange": 0.19999981, "currencySymbol": "$", "regularMarketPreviousClose": 10.2, "postMarketTime": 1626824132, "preMarketPrice": null, "exchangeDataDelayedBy": 0, "toCurrency": null, "postMarketChange": 0, "postMarketPrice": 10.4, "exchangeName": "NasdaqGS", "preMarketChange": null, "circulatingSupply": null, "regularMarketDayLow": 9.945, "priceHint": 2, "currency": "USD", "regularMarketPrice": 10.4, "regularMarketVolume": 2053114, "lastMarket": null, "regularMarketSource": "FREE_REALTIME", "openInterest": null, "marketState": "PREPRE", "underlyingSymbol": null, "marketCap": 1594892032, "quoteType": "EQUITY", "volumeAllCurrencies": null, "postMarketSource": "DELAYED", "strikePrice": null, "symbol": "GPRO", "postMarketChangePercent": 0, "preMarketSource": "FREE_REALTIME", "maxAge": 1, "fromCurrency": null, "regularMarketChangePercent": 0.019607825}, "financialData": {"ebitdaMargins": 0.05362, "profitMargins": -0.01375, "grossMargins": 0.36468, "operatingCashflow": 136574000, "revenueGrowth": 0.706, "operatingMargins": 0.042540003, "ebitda": 52342000, "targetLowPrice": 8, "recommendationKey": "hold", "grossProfits": 315715000, "freeCashflow": 120359000, "targetMedianPrice": 10.45, "currentPrice": 10.4, "earningsGrowth": null, "currentRatio": 2.393, "returnOnAssets": 0.03874, "numberOfAnalystOpinions": 4, "targetMeanPrice": 10.47, "debtToEquity": 132.889, "returnOnEquity": -0.06902, "targetHighPrice": 13, "totalCash": 296753984, "totalDebt": 281020992, "totalRevenue": 976204992, "totalCashPerShare": 1.935, "financialCurrency": "USD", "maxAge": 86400, "revenuePerShare": 6.5, "quickRatio": 1.727, "recommendationMean": 3.2}, "quoteType": {"exchange": "NMS", "shortName": "GoPro, Inc.", "longName": "GoPro, Inc.", "exchangeTimezoneName": "America/New_York", "exchangeTimezoneShortName": "EDT", "isEsgPopulated": false, "gmtOffSetMilliseconds": "-14400000", "quoteType": "EQUITY", "symbol": "GPRO", "messageBoardId": "finmb_113665065", "market": "us_market"}, "calendarEvents": {"maxAge": 1, "earnings": {"earningsDate": [1628121600], "earningsAverage": 0.04, "earningsLow": 0.03, "earningsHigh": 0.04, "revenueAverage": 232310000, "revenueLow": 230600000, "revenueHigh": 235040000}, "exDividendDate": null, "dividendDate": null}, "summaryDetail": {"previousClose": 10.2, "regularMarketOpen": 10.22, "twoHundredDayAverage": 10.401875, "trailingAnnualDividendYield": null, "payoutRatio": 0, "volume24Hr": null, "regularMarketDayHigh": 10.48, "navPrice": null, "averageDailyVolume10Day": 2227783, "totalAssets": null, "regularMarketPreviousClose": 10.2, "fiftyDayAverage": 11.342353, "trailingAnnualDividendRate": null, "open": 10.22, "toCurrency": null, "averageVolume10days": 2227783, "expireDate": null, "yield": null, "algorithm": null, "dividendRate": null, "exDividendDate": null, "beta": 1.229597, "circulatingSupply": null, "startDate": null, "regularMarketDayLow": 9.945, "priceHint": 2, "currency": "USD", "regularMarketVolume": 2053114, "lastMarket": null, "maxSupply": null, "openInterest": null, "marketCap": 1594892032, "volumeAllCurrencies": null, "strikePrice": null, "averageVolume": 3200248, "priceToSalesTrailing12Months": 1.6337675, "dayLow": 9.945, "ask": 0, "ytdReturn": null, "askSize": 3000, "volume": 2053114, "fiftyTwoWeekHigh": 13.79, "forwardPE": 12.999999, "maxAge": 1, "fromCurrency": null, "fiveYearAvgDividendYield": null, "fiftyTwoWeekLow": 3.74, "bid": 0, "tradeable": false, "dividendYield": null, "bidSize": 3000, "dayHigh": 10.48}, "symbol": "GPRO", "esgScores": null, "upgradeDowngradeHistory": {"history": [{"epochGradeDate": 1620389405, "firm": "Morgan Stanley", "toGrade": "Underweight", "fromGrade": "", "action": "main"}, {"epochGradeDate": 1612533064, "firm": "Morgan Stanley", "toGrade": "Underweight", "fromGrade": "", "action": "main"}, {"epochGradeDate": 1608140838, "firm": "Morgan Stanley", "toGrade": "Underweight", "fromGrade": "", "action": "main"}, {"epochGradeDate": 1604680007, "firm": "Morgan Stanley", "toGrade": "Underweight", "fromGrade": "", "action": "main"}, {"epochGradeDate": 1596807820, "firm": "Morgan Stanley", "toGrade": "Underweight", "fromGrade": "", "action": "main"}, {"epochGradeDate": 1588941086, "firm": "Morgan Stanley", "toGrade": "Underweight", "fromGrade": "", "action": "main"}, {"epochGradeDate": 1585163253, "firm": "Morgan Stanley", "toGrade": "Underweight", "fromGrade": "", "action": "main"}, {"epochGradeDate": 1584359560, "firm": "Citigroup", "toGrade": "Sell", "fromGrade": "Neutral", "action": "down"}, {"epochGradeDate": 1570108144, "firm": "Morgan Stanley", "toGrade": "Underweight", "fromGrade": "", "action": "main"}, {"epochGradeDate": 1564759070, "firm": "Wedbush", "toGrade": "Neutral", "fromGrade": "", "action": "main"}, {"epochGradeDate": 1537959147, "firm": "Oppenheimer", "toGrade": "Outperform", "fromGrade": "Perform", "action": "up"}, {"epochGradeDate": 1525437453, "firm": "Citigroup", "toGrade": "Neutral", "fromGrade": "Neutral", "action": "main"}, {"epochGradeDate": 1520602729, "firm": "Citigroup", "toGrade": "Neutral", "fromGrade": "Neutral", "action": "main"}, {"epochGradeDate": 1517595229, "firm": "Bank of America", "toGrade": "Underperform", "fromGrade": "Underperform", "action": "main"}, {"epochGradeDate": 1517577963, "firm": "JP Morgan", "toGrade": "Neutral", "fromGrade": "Overweight", "action": "down"}, {"epochGradeDate": 1516706835, "firm": "Morgan Stanley", "toGrade": "Underweight", "fromGrade": "Equal-Weight", "action": "down"}, {"epochGradeDate": 1515415612, "firm": "Longbow Research", "toGrade": "Neutral", "fromGrade": "Buy", "action": "down"}, {"epochGradeDate": 1509625280, "firm": "Citigroup", "toGrade": "Neutral", "fromGrade": "", "action": "main"}, {"epochGradeDate": 1509470420, "firm": "Bank of America", "toGrade": "Underperform", "fromGrade": "", "action": "main"}, {"epochGradeDate": 1508329566, "firm": "Longbow Research", "toGrade": "Buy", "fromGrade": "Neutral", "action": "up"}, {"epochGradeDate": 1504887971, "firm": "Morgan Stanley", "toGrade": "Equal-Weight", "fromGrade": "", "action": "main"}, {"epochGradeDate": 1502795013, "firm": "Goldman Sachs", "toGrade": "Neutral", "fromGrade": "Sell", "action": "up"}, {"epochGradeDate": 1501847841, "firm": "Raymond James", "toGrade": "Market Perform", "fromGrade": "Underperform", "action": "up"}, {"epochGradeDate": 1501846790, "firm": "Longbow Research", "toGrade": "Neutral", "fromGrade": "Underperform", "action": "up"}, {"epochGradeDate": 1501505122, "firm": "Morgan Stanley", "toGrade": "Equal-Weight", "fromGrade": "Underweight", "action": "up"}, {"epochGradeDate": 1489662696, "firm": "Citigroup", "toGrade": "Neutral", "fromGrade": "Sell", "action": "up"}, {"epochGradeDate": 1488803227, "firm": "Goldman Sachs", "toGrade": "Sell", "fromGrade": "Neutral", "action": "down"}, {"epochGradeDate": 1488548733, "firm": "Citigroup", "toGrade": "Sell", "fromGrade": "", "action": "init"}, {"epochGradeDate": 1486127650, "firm": "Baird", "toGrade": "Underperform", "fromGrade": "Neutral", "action": "down"}, {"epochGradeDate": 1486123383, "firm": "Raymond James", "toGrade": "Underperform", "fromGrade": "Market Perform", "action": "down"}, {"epochGradeDate": 1483704430, "firm": "Longbow Research", "toGrade": "Underperform", "fromGrade": "Neutral", "action": "down"}, {"epochGradeDate": 1478699535, "firm": "Dougherty", "toGrade": "Sell", "fromGrade": "Neutral", "action": "down"}, {"epochGradeDate": 1478699145, "firm": "Raymond James", "toGrade": "Market Perform", "fromGrade": "Outperform", "action": "down"}, {"epochGradeDate": 1478701593, "firm": "Wedbush", "toGrade": "Neutral", "fromGrade": "Outperform", "action": "down"}, {"epochGradeDate": 1478521092, "firm": "Bank of America", "toGrade": "Underperform", "fromGrade": "Neutral", "action": "down"}, {"epochGradeDate": 1474006977, "firm": "Bank of America", "toGrade": "Buy", "fromGrade": "", "action": "init"}, {"epochGradeDate": 1465886665, "firm": "Longbow Research", "toGrade": "Neutral", "fromGrade": "", "action": "init"}, {"epochGradeDate": 1454572777, "firm": "Morgan Stanley", "toGrade": "Underweight", "fromGrade": "", "action": "main"}, {"epochGradeDate": 1454571163, "firm": "Sterne Agee CRT", "toGrade": "Neutral", "fromGrade": "Buy", "action": "down"}, {"epochGradeDate": 1454568517, "firm": "Dougherty", "toGrade": "Neutral", "fromGrade": "Buy", "action": "down"}, {"epochGradeDate": 1452766114, "firm": "Baird", "toGrade": "Neutral", "fromGrade": "", "action": "main"}, {"epochGradeDate": 1452762970, "firm": "Barclays", "toGrade": "Equal-Weight", "fromGrade": "Overweight", "action": "down"}, {"epochGradeDate": 1452761025, "firm": "Morgan Stanley", "toGrade": "Underweight", "fromGrade": "", "action": "main"}, {"epochGradeDate": 1452760887, "firm": "JMP Securities", "toGrade": "Outperform", "fromGrade": "", "action": "main"}, {"epochGradeDate": 1452760816, "firm": "Sterne Agee CRT", "toGrade": "Buy", "fromGrade": "", "action": "main"}, {"epochGradeDate": 1452760792, "firm": "Northland Securities", "toGrade": "Outperform", "fromGrade": "", "action": "main"}, {"epochGradeDate": 1452760701, "firm": "Wedbush", "toGrade": "Outperform", "fromGrade": "", "action": "main"}, {"epochGradeDate": 1452760673, "firm": "JP Morgan", "toGrade": "Overweight", "fromGrade": "", "action": "main"}, {"epochGradeDate": 1452760657, "firm": "Raymond James", "toGrade": "Outperform", "fromGrade": "", "action": "main"}, {"epochGradeDate": 1452760460, "firm": "PiperJaffray", "toGrade": "Underweight", "fromGrade": "", "action": "main"}, {"epochGradeDate": 1452760403, "firm": "FBN Securities", "toGrade": "Sector Perform", "fromGrade": "Outperform", "action": "down"}, {"epochGradeDate": 1452232194, "firm": "Barclays", "toGrade": "Overweight", "fromGrade": "", "action": "main"}, {"epochGradeDate": 1450072630, "firm": "Morgan Stanley", "toGrade": "Underweight", "fromGrade": "Equal-Weight", "action": "down"}, {"epochGradeDate": 1449815394, "firm": "Citigroup", "toGrade": "Neutral", "fromGrade": "Buy", "action": "down"}, {"epochGradeDate": 1449211910, "firm": "Baird", "toGrade": "Neutral", "fromGrade": "Outperform", "action": "down"}, {"epochGradeDate": 1446127272, "firm": "JMP Securities", "toGrade": "Market Outperform", "fromGrade": "", "action": "main"}, {"epochGradeDate": 1446108588, "firm": "Cowen & Co.", "toGrade": "Market Perform", "fromGrade": "Outperform", "action": "down"}, {"epochGradeDate": 1446103357, "firm": "PiperJaffray", "toGrade": "Underweight", "fromGrade": "Neutral", "action": "down"}, {"epochGradeDate": 1446092476, "firm": "Morgan Stanley", "toGrade": "Equal-Weight", "fromGrade": "", "action": "main"}, {"epochGradeDate": 1446092035, "firm": "Barclays", "toGrade": "Overweight", "fromGrade": "", "action": "main"}, {"epochGradeDate": 1444804108, "firm": "PiperJaffray", "toGrade": "Neutral", "fromGrade": "Overweight", "action": "down"}, {"epochGradeDate": 1444752636, "firm": "PiperJaffray", "toGrade": "Neutral", "fromGrade": "Overweight", "action": "down"}, {"epochGradeDate": 1444193157, "firm": "Morgan Stanley", "toGrade": "Equal-Weight", "fromGrade": "", "action": "main"}, {"epochGradeDate": 1443457599, "firm": "Sterne Agee CRT", "toGrade": "Buy", "fromGrade": "", "action": "init"}, {"epochGradeDate": 1442988287, "firm": "Cowen & Co.", "toGrade": "Outperform", "fromGrade": "", "action": "main"}, {"epochGradeDate": 1441706459, "firm": "Hilliard Lyons", "toGrade": "Buy", "fromGrade": "", "action": "init"}, {"epochGradeDate": 1441684993, "firm": "Baird", "toGrade": "Outperform", "fromGrade": "", "action": "main"}, {"epochGradeDate": 1441181175, "firm": "Raymond James", "toGrade": "Outperform", "fromGrade": "", "action": "main"}, {"epochGradeDate": 1439448513, "firm": "Cowen & Co.", "toGrade": "Outperform", "fromGrade": "", "action": "init"}, {"epochGradeDate": 1438325323, "firm": "Citigroup", "toGrade": "Buy", "fromGrade": "Neutral", "action": "up"}, {"epochGradeDate": 1437562800, "firm": "Barclays", "toGrade": "Overweight", "fromGrade": "", "action": "main"}, {"epochGradeDate": 1437549937, "firm": "Citigroup", "toGrade": "Neutral", "fromGrade": "", "action": "main"}, {"epochGradeDate": 1436846780, "firm": "Barclays", "toGrade": "Overweight", "fromGrade": "Equal-Weight", "action": "up"}, {"epochGradeDate": 1436218762, "firm": "Goldman Sachs", "toGrade": "Neutral", "fromGrade": "", "action": "init"}, {"epochGradeDate": 1433314483, "firm": "JP Morgan", "toGrade": "Overweight", "fromGrade": "", "action": "main"}, {"epochGradeDate": 1431935806, "firm": "Oppenheimer", "toGrade": "Perform", "fromGrade": "Underperform", "action": "up"}, {"epochGradeDate": 1430298000, "firm": "Northland Securities", "toGrade": "Outperform", "fromGrade": "", "action": "main"}, {"epochGradeDate": 1430281845, "firm": "Raymond James", "toGrade": "Outperform", "fromGrade": "Market Perform", "action": "up"}, {"epochGradeDate": 1429113803, "firm": "PiperJaffray", "toGrade": "Overweight", "fromGrade": "Neutral", "action": "up"}, {"epochGradeDate": 1427699076, "firm": "Dougherty", "toGrade": "Buy", "fromGrade": "Neutral", "action": "up"}, {"epochGradeDate": 1427360400, "firm": "Barclays", "toGrade": "Equal-Weight", "fromGrade": "", "action": "main"}, {"epochGradeDate": 1427353812, "firm": "Baird", "toGrade": "Outperform", "fromGrade": "Neutral", "action": "up"}, {"epochGradeDate": 1424157125, "firm": "Northland Securities", "toGrade": "Outperform", "fromGrade": "", "action": "init"}, {"epochGradeDate": 1423213200, "firm": "Citigroup", "toGrade": "Neutral", "fromGrade": "", "action": "main"}, {"epochGradeDate": 1418342400, "firm": "JP Morgan", "toGrade": "Overweight", "fromGrade": "Neutral", "action": "up"}, {"epochGradeDate": 1414741535, "firm": "Wedbush", "toGrade": "Outperform", "fromGrade": "", "action": "main"}, {"epochGradeDate": 1414520137, "firm": "Wedbush", "toGrade": "Outperform", "fromGrade": "", "action": "init"}, {"epochGradeDate": 1413361800, "firm": "Pacific Crest", "toGrade": "Sector Perform", "fromGrade": "", "action": "init"}, {"epochGradeDate": 1412757000, "firm": "PiperJaffray", "toGrade": "Neutral", "fromGrade": "Overweight", "action": "down"}, {"epochGradeDate": 1412670600, "firm": "Barclays", "toGrade": "Equal-weight", "fromGrade": "", "action": "main"}, {"epochGradeDate": 1412586000, "firm": "JMP Securities", "toGrade": "Market Outperform", "fromGrade": "", "action": "main"}, {"epochGradeDate": 1412067600, "firm": "Citigroup", "toGrade": "Neutral", "fromGrade": "", "action": "main"}, {"epochGradeDate": 1411988355, "firm": "FBN Securities", "toGrade": "Outperform", "fromGrade": "", "action": "main"}, {"epochGradeDate": 1411988263, "firm": "PiperJaffray", "toGrade": "Overweight", "fromGrade": "", "action": "main"}, {"epochGradeDate": 1411722428, "firm": "JP Morgan", "toGrade": "Neutral", "fromGrade": "", "action": "main"}, {"epochGradeDate": 1410854266, "firm": "Cleveland Research", "toGrade": "Buy", "fromGrade": "", "action": "init"}, {"epochGradeDate": 1410512400, "firm": "Citigroup", "toGrade": "Neutral", "fromGrade": "", "action": "main"}, {"epochGradeDate": 1410163631, "firm": "FBN Securities", "toGrade": "Outperform", "fromGrade": "", "action": "init"}, {"epochGradeDate": 1409811827, "firm": "JP Morgan", "toGrade": "Neutral", "fromGrade": "Overweight", "action": "down"}, {"epochGradeDate": 1406883532, "firm": "Dougherty", "toGrade": "Neutral", "fromGrade": "Buy", "action": "down"}, {"epochGradeDate": 1405931289, "firm": "Raymond James", "toGrade": "Market Perform", "fromGrade": "", "action": "init"}, {"epochGradeDate": 1405928454, "firm": "Baird", "toGrade": "Neutral", "fromGrade": "", "action": "init"}, {"epochGradeDate": 1405928352, "firm": "PiperJaffray", "toGrade": "Overweight", "fromGrade": "", "action": "init"}, {"epochGradeDate": 1405928321, "firm": "Barclays", "toGrade": "Equal-Weight", "fromGrade": "", "action": "init"}, {"epochGradeDate": 1405927536, "firm": "PiperJaffray", "toGrade": "Overweight", "fromGrade": "", "action": "init"}, {"epochGradeDate": 1405927535, "firm": "JP Morgan", "toGrade": "Overweight", "fromGrade": "", "action": "init"}, {"epochGradeDate": 1405405111, "firm": "JMP Securities", "toGrade": "Market Outperform", "fromGrade": "", "action": "init"}, {"epochGradeDate": 1403693031, "firm": "Dougherty", "toGrade": "Buy", "fromGrade": "", "action": "init"}, {"epochGradeDate": 1335788460, "firm": "PiperJaffray", "toGrade": "Neutral", "fromGrade": "", "action": "down"}], "maxAge": 86400}, "pageViews": {"shortTermTrend": "UP", "midTermTrend": "UP", "longTermTrend": "UP", "maxAge": 1}}, "HBB": {"defaultKeyStatistics": {"annualHoldingsTurnover": null, "enterpriseToRevenue": 0.604, "beta3Year": null, "profitMargins": 0.0437, "enterpriseToEbitda": 8.113, "52WeekChange": 0.91346157, "morningStarRiskRating": null, "forwardEps": 2.15, "revenueQuarterlyGrowth": null, "sharesOutstanding": 9845040, "fundInceptionDate": null, "annualReportExpenseRatio": null, "totalAssets": null, "bookValue": 5.968, "sharesShort": 256263, "sharesPercentSharesOut": 0.0185, "fundFamily": null, "lastFiscalYearEnd": 1609372800, "heldPercentInstitutions": 0.49653998, "netIncomeToCommon": 28297000, "trailingEps": 2.013, "lastDividendValue": 0.1, "SandP52WeekChange": 0.29989743, "priceToBook": 3.3813674, "heldPercentInsiders": 0.25313, "nextFiscalYearEnd": 1672444800, "yield": null, "mostRecentQuarter": 1617148800, "shortRatio": 7.61, "sharesShortPreviousMonthDate": 1622160000, "floatShares": 7856514, "beta": 1.096082, "enterpriseValue": 382089248, "priceHint": 2, "threeYearAverageReturn": null, "lastSplitDate": null, "lastSplitFactor": null, "legalType": null, "lastDividendDate": 1622160000, "morningStarOverallRating": null, "earningsQuarterlyGrowth": -0.866, "priceToSalesTrailing12Months": null, "dateShortInterest": 1625011200, "pegRatio": null, "ytdReturn": null, "forwardPE": 9.386046, "maxAge": 1, "lastCapGain": null, "shortPercentOfFloat": 0.0348, "sharesShortPriorMonth": 320617, "impliedSharesOutstanding": 13874400, "category": null, "fiveYearAverageReturn": null}, "details": null, "summaryProfile": {"zip": "23060", "sector": "Technology", "fullTimeEmployees": 700, "longBusinessSummary": "Hamilton Beach Brands Holding Company, together with its subsidiaries, designs, markets, and distributes small electric household and specialty housewares appliances in the United States and internationally. It offers air fryers, blenders, coffee makers, food processors, indoor electric grills, irons, juicers, mixers, slow cookers, toasters, and toaster ovens. The company also provides air purifiers under the TrueAir brand; consumer products under the Hamilton Beach and Proctor Silex brands; commercial products for restaurants, fast food chains, bars, and hotels under the Hamilton Beach Commercial and Proctor Silex Commercial brands; and personal care products under the Brightline brand, as well as products under the Hamilton Beach Professional in the premium market. In addition, it offers counter top appliances under the Wolf Gourmet brand; garment care products under CHI brand; farm-to-table and field-to-table food processing equipment under the Weston brand; cocktail delivery system under the Bartesian brand; and supplies private label products. The company sells its products through a network of mass merchandisers, e-commerce retailers, national department stores, variety store and drug store chains, specialty home retailers, distributors, restaurants, bars, hotels, and other retail outlets. Hamilton Beach Brands Holding Company was founded in 1904 and is headquartered in Glen Allen, Virginia.", "city": "Glen Allen", "phone": "804 273 9777", "state": "VA", "country": "United States", "companyOfficers": [], "website": "http://www.hamiltonbeachbrands.com", "maxAge": 86400, "address1": "4421 Waterfront Drive", "industry": "Consumer Electronics"}, "recommendationTrend": {"trend": [{"period": "0m", "strongBuy": 0, "buy": 0, "hold": 1, "sell": 0, "strongSell": 0}, {"period": "-1m", "strongBuy": 0, "buy": 0, "hold": 1, "sell": 0, "strongSell": 0}, {"period": "-2m", "strongBuy": 0, "buy": 0, "hold": 1, "sell": 0, "strongSell": 0}, {"period": "-3m", "strongBuy": 0, "buy": 0, "hold": 1, "sell": 0, "strongSell": 0}], "maxAge": 86400}, "financialsTemplate": {"code": "N", "maxAge": 1}, "earnings": {"maxAge": 86400, "earningsChart": {"quarterly": [{"date": "2Q2020", "actual": 0.57, "estimate": 0.18}, {"date": "3Q2020", "actual": -0.15, "estimate": 0.56}, {"date": "4Q2020", "actual": 1.4, "estimate": 1.55}, {"date": "1Q2021", "actual": 0.21, "estimate": 0.16}], "currentQuarterEstimate": 0.64, "currentQuarterEstimateDate": "2Q", "currentQuarterEstimateYear": 2021, "earningsDate": [1627948800, 1628467200]}, "financialsChart": {"yearly": [{"date": 2017, "revenue": 612056000, "earnings": 15884000}, {"date": 2018, "revenue": 630082000, "earnings": 17698000}, {"date": 2019, "revenue": 611786000, "earnings": -13507000}, {"date": 2020, "revenue": 603713000, "earnings": 46258000}], "quarterly": [{"date": "2Q2020", "revenue": 138297000, "earnings": 7760000}, {"date": "3Q2020", "revenue": 110549000, "earnings": -2010000}, {"date": "4Q2020", "revenue": 234021000, "earnings": 18996000}, {"date": "1Q2021", "revenue": 149249000, "earnings": 2876000}]}, "financialCurrency": "USD"}, "price": {"quoteSourceName": "Nasdaq Real Time Price", "regularMarketOpen": 19.89, "averageDailyVolume3Month": 32714, "exchange": "NYQ", "regularMarketTime": 1626811202, "volume24Hr": null, "regularMarketDayHigh": 20.849, "shortName": "Hamilton Beach Brands Holding C", "averageDailyVolume10Day": 28933, "longName": "Hamilton Beach Brands Holding Company", "regularMarketChange": 0.2800007, "currencySymbol": "$", "regularMarketPreviousClose": 19.9, "postMarketTime": 1626811231, "preMarketPrice": null, "exchangeDataDelayedBy": 0, "toCurrency": null, "postMarketChange": -0.139999, "postMarketPrice": 20.18, "exchangeName": "NYSE", "preMarketChange": null, "circulatingSupply": null, "regularMarketDayLow": 19.83, "priceHint": 2, "currency": "USD", "regularMarketPrice": 20.18, "regularMarketVolume": 24033, "lastMarket": null, "regularMarketSource": "DELAYED", "openInterest": null, "marketState": "PREPRE", "underlyingSymbol": null, "marketCap": 279985408, "quoteType": "EQUITY", "volumeAllCurrencies": null, "postMarketSource": "FREE_REALTIME", "strikePrice": null, "symbol": "HBB", "postMarketChangePercent": -0.00688973, "preMarketSource": "FREE_REALTIME", "maxAge": 1, "fromCurrency": null, "regularMarketChangePercent": 0.014070387}, "financialData": {"ebitdaMargins": 0.074499995, "profitMargins": 0.0437, "grossMargins": 0.22986999, "operatingCashflow": -21006000, "revenueGrowth": 0.235, "operatingMargins": 0.06816, "ebitda": 47095000, "targetLowPrice": 22, "recommendationKey": "none", "grossProfits": 138654000, "freeCashflow": -34463376, "targetMedianPrice": 22, "currentPrice": 20.18, "earningsGrowth": -0.868, "currentRatio": 2.08, "returnOnAssets": 0.09486, "numberOfAnalystOpinions": 1, "targetMeanPrice": 22, "debtToEquity": 125.127, "returnOnEquity": 0.41584, "targetHighPrice": 22, "totalCash": 1375000, "totalDebt": 103479000, "totalRevenue": 632115968, "totalCashPerShare": 0.099, "financialCurrency": "USD", "maxAge": 86400, "revenuePerShare": 46.091, "quickRatio": 0.792, "recommendationMean": null}, "quoteType": {"exchange": "NYQ", "shortName": "Hamilton Beach Brands Holding C", "longName": "Hamilton Beach Brands Holding Company", "exchangeTimezoneName": "America/New_York", "exchangeTimezoneShortName": "EDT", "isEsgPopulated": false, "gmtOffSetMilliseconds": "-14400000", "quoteType": "EQUITY", "symbol": "HBB", "messageBoardId": "finmb_534937823", "market": "us_market"}, "calendarEvents": {"maxAge": 1, "earnings": {"earningsDate": [1627948800, 1628467200], "earningsAverage": 0.64, "earningsLow": 0.64, "earningsHigh": 0.64, "revenueAverage": 155600000, "revenueLow": 155600000, "revenueHigh": 155600000}, "exDividendDate": 1622160000, "dividendDate": 1623715200}, "summaryDetail": {"previousClose": 19.9, "regularMarketOpen": 19.89, "twoHundredDayAverage": 20.111471, "trailingAnnualDividendYield": 0.01884422, "payoutRatio": 0.18120001, "volume24Hr": null, "regularMarketDayHigh": 20.849, "navPrice": null, "averageDailyVolume10Day": 28933, "totalAssets": null, "regularMarketPreviousClose": 19.9, "fiftyDayAverage": 22.422354, "trailingAnnualDividendRate": 0.375, "open": 19.89, "toCurrency": null, "averageVolume10days": 28933, "expireDate": null, "yield": null, "algorithm": null, "dividendRate": 0.4, "exDividendDate": 1622160000, "beta": 1.096082, "circulatingSupply": null, "startDate": null, "regularMarketDayLow": 19.83, "priceHint": 2, "currency": "USD", "trailingPE": 10.024838, "regularMarketVolume": 24033, "lastMarket": null, "maxSupply": null, "openInterest": null, "marketCap": 279985408, "volumeAllCurrencies": null, "strikePrice": null, "averageVolume": 32714, "priceToSalesTrailing12Months": 0.44293362, "dayLow": 19.83, "ask": 0, "ytdReturn": null, "askSize": 800, "volume": 24033, "fiftyTwoWeekHigh": 26, "forwardPE": 9.386046, "maxAge": 1, "fromCurrency": null, "fiveYearAvgDividendYield": null, "fiftyTwoWeekLow": 10.29, "bid": 0, "tradeable": false, "dividendYield": 0.0201, "bidSize": 800, "dayHigh": 20.849}, "symbol": "HBB", "esgScores": null, "upgradeDowngradeHistory": {"history": [{"epochGradeDate": 1510665258, "firm": "Baird", "toGrade": "Neutral", "fromGrade": "", "action": "init"}], "maxAge": 86400}, "pageViews": {"shortTermTrend": "DOWN", "midTermTrend": "UP", "longTermTrend": "UP", "maxAge": 1}}, "HEAR": {"defaultKeyStatistics": {"annualHoldingsTurnover": null, "enterpriseToRevenue": 0.975, "beta3Year": null, "profitMargins": 0.1223, "enterpriseToEbitda": 5.67, "52WeekChange": 0.61483514, "morningStarRiskRating": null, "forwardEps": 1.73, "revenueQuarterlyGrowth": null, "sharesOutstanding": 15820600, "fundInceptionDate": null, "annualReportExpenseRatio": null, "totalAssets": null, "bookValue": 8.121, "sharesShort": 1517884, "sharesPercentSharesOut": 0.0959, "fundFamily": null, "lastFiscalYearEnd": 1609372800, "heldPercentInstitutions": 0.68327004, "netIncomeToCommon": 51139000, "trailingEps": 2.97, "lastDividendValue": null, "SandP52WeekChange": 0.29989743, "priceToBook": 3.6953576, "heldPercentInsiders": 0.01895, "nextFiscalYearEnd": 1672444800, "yield": null, "mostRecentQuarter": 1617148800, "shortRatio": 4.04, "sharesShortPreviousMonthDate": 1622160000, "floatShares": 15503687, "beta": 1.499455, "enterpriseValue": 407792640, "priceHint": 2, "threeYearAverageReturn": null, "lastSplitDate": 1523232000, "lastSplitFactor": "1:4", "legalType": null, "lastDividendDate": null, "morningStarOverallRating": null, "earningsQuarterlyGrowth": null, "priceToSalesTrailing12Months": null, "dateShortInterest": 1625011200, "pegRatio": 1.28, "ytdReturn": null, "forwardPE": 17.34682, "maxAge": 1, "lastCapGain": null, "shortPercentOfFloat": 0.097799994, "sharesShortPriorMonth": 1272369, "impliedSharesOutstanding": null, "category": null, "fiveYearAverageReturn": null}, "details": null, "summaryProfile": {"zip": "92127", "sector": "Technology", "fullTimeEmployees": 253, "longBusinessSummary": "Turtle Beach Corporation operates as an audio technology company. It develops, commercializes, and markets gaming headset solutions for various platforms, including video game and entertainment consoles, handheld consoles, personal computers, tablets, and mobile devices under the Turtle Beach brand. The company also offers gaming headsets, keyboards, mice, and other accessories for the personal computer peripherals market under the brand of ROCCAT. It serves retailers, distributors, and other customers in North America, the United Kingdom, Europe, and internationally. Turtle Beach Corporation was founded in 1975 and is headquartered in San Diego, California.", "city": "San Diego", "phone": "888 496 8001", "state": "CA", "country": "United States", "companyOfficers": [], "website": "http://corp.turtlebeach.com", "maxAge": 86400, "address1": "11011 Via Frontera", "industry": "Consumer Electronics", "address2": "Suite A/B"}, "recommendationTrend": {"trend": [{"period": "0m", "strongBuy": 2, "buy": 1, "hold": 0, "sell": 0, "strongSell": 0}, {"period": "-1m", "strongBuy": 3, "buy": 3, "hold": 0, "sell": 0, "strongSell": 0}, {"period": "-2m", "strongBuy": 3, "buy": 3, "hold": 0, "sell": 0, "strongSell": 0}, {"period": "-3m", "strongBuy": 2, "buy": 1, "hold": 0, "sell": 0, "strongSell": 0}], "maxAge": 86400}, "financialsTemplate": {"code": "N", "maxAge": 1}, "earnings": {"maxAge": 86400, "earningsChart": {"quarterly": [{"date": "2Q2020", "actual": 0.42, "estimate": 0.37}, {"date": "3Q2020", "actual": 1.05, "estimate": 0.23}, {"date": "4Q2020", "actual": 0.84, "estimate": 0.78}, {"date": "1Q2021", "actual": 0.52, "estimate": 0.46}], "currentQuarterEstimate": -0.1, "currentQuarterEstimateDate": "2Q", "currentQuarterEstimateYear": 2021, "earningsDate": [1628035200, 1628467200]}, "financialsChart": {"yearly": [{"date": 2017, "revenue": 149135000, "earnings": -3248000}, {"date": 2018, "revenue": 287437000, "earnings": 39190000}, {"date": 2019, "revenue": 234663000, "earnings": 17944000}, {"date": 2020, "revenue": 360093000, "earnings": 38746000}], "quarterly": [{"date": "2Q2020", "revenue": 79680000, "earnings": 8204000}, {"date": "3Q2020", "revenue": 112494000, "earnings": 17794000}, {"date": "4Q2020", "revenue": 132912000, "earnings": 16303000}, {"date": "1Q2021", "revenue": 93053000, "earnings": 8838000}]}, "financialCurrency": "USD"}, "price": {"quoteSourceName": "Delayed Quote", "regularMarketOpen": 29.59, "averageDailyVolume3Month": 448619, "exchange": "NGM", "regularMarketTime": 1626811203, "volume24Hr": null, "regularMarketDayHigh": 30.2, "shortName": "Turtle Beach Corporation", "averageDailyVolume10Day": 372883, "longName": "Turtle Beach Corporation", "regularMarketChange": 0.62000084, "currencySymbol": "$", "regularMarketPreviousClose": 29.39, "postMarketTime": 1626823608, "preMarketPrice": null, "exchangeDataDelayedBy": 0, "toCurrency": null, "postMarketChange": 0.19999886, "postMarketPrice": 30.21, "exchangeName": "NasdaqGM", "preMarketChange": null, "circulatingSupply": null, "regularMarketDayLow": 28.8909, "priceHint": 2, "currency": "USD", "regularMarketPrice": 30.01, "regularMarketVolume": 369009, "lastMarket": null, "regularMarketSource": "FREE_REALTIME", "openInterest": null, "marketState": "PREPRE", "underlyingSymbol": null, "marketCap": 474776224, "quoteType": "EQUITY", "volumeAllCurrencies": null, "postMarketSource": "DELAYED", "strikePrice": null, "symbol": "HEAR", "postMarketChangePercent": 0.0066644074, "preMarketSource": "DELAYED", "maxAge": 1, "fromCurrency": null, "regularMarketChangePercent": 0.02109564}, "financialData": {"ebitdaMargins": 0.17201, "profitMargins": 0.1223, "grossMargins": 0.37752, "operatingCashflow": 54610000, "revenueGrowth": 1.658, "operatingMargins": 0.15997, "ebitda": 71926000, "targetLowPrice": 38, "recommendationKey": "strong_buy", "grossProfits": 133788000, "freeCashflow": 35924000, "targetMedianPrice": 40, "currentPrice": 30.01, "earningsGrowth": null, "currentRatio": 2.357, "returnOnAssets": 0.27583, "numberOfAnalystOpinions": 6, "targetMeanPrice": 40.5, "debtToEquity": 4.555, "returnOnEquity": 0.54662997, "targetHighPrice": 45, "totalCash": 62965000, "totalDebt": 5791000, "totalRevenue": 418139008, "totalCashPerShare": 3.98, "financialCurrency": "USD", "maxAge": 86400, "revenuePerShare": 27.756, "quickRatio": 1.328, "recommendationMean": 1.5}, "quoteType": {"exchange": "NGM", "shortName": "Turtle Beach Corporation", "longName": "Turtle Beach Corporation", "exchangeTimezoneName": "America/New_York", "exchangeTimezoneShortName": "EDT", "isEsgPopulated": false, "gmtOffSetMilliseconds": "-14400000", "quoteType": "EQUITY", "symbol": "HEAR", "messageBoardId": "finmb_851282", "market": "us_market"}, "calendarEvents": {"maxAge": 1, "earnings": {"earningsDate": [1628035200, 1628467200], "earningsAverage": -0.1, "earningsLow": -0.26, "earningsHigh": -0.07, "revenueAverage": 70170000, "revenueLow": 70000000, "revenueHigh": 70900000}, "exDividendDate": null, "dividendDate": 1523232000}, "summaryDetail": {"previousClose": 29.39, "regularMarketOpen": 29.59, "twoHundredDayAverage": 28.955698, "trailingAnnualDividendYield": null, "payoutRatio": 0, "volume24Hr": null, "regularMarketDayHigh": 30.2, "navPrice": null, "averageDailyVolume10Day": 372883, "totalAssets": null, "regularMarketPreviousClose": 29.39, "fiftyDayAverage": 32.657646, "trailingAnnualDividendRate": null, "open": 29.59, "toCurrency": null, "averageVolume10days": 372883, "expireDate": null, "yield": null, "algorithm": null, "dividendRate": null, "exDividendDate": null, "beta": 1.499455, "circulatingSupply": null, "startDate": null, "regularMarketDayLow": 28.8909, "priceHint": 2, "currency": "USD", "trailingPE": 10.104377, "regularMarketVolume": 369009, "lastMarket": null, "maxSupply": null, "openInterest": null, "marketCap": 474776224, "volumeAllCurrencies": null, "strikePrice": null, "averageVolume": 448619, "priceToSalesTrailing12Months": 1.1354507, "dayLow": 28.8909, "ask": 0, "ytdReturn": null, "askSize": 1000, "volume": 369009, "fiftyTwoWeekHigh": 38.7, "forwardPE": 17.34682, "maxAge": 1, "fromCurrency": null, "fiveYearAvgDividendYield": null, "fiftyTwoWeekLow": 16.01, "bid": 0, "tradeable": false, "dividendYield": null, "bidSize": 800, "dayHigh": 30.2}, "symbol": "HEAR", "esgScores": null, "upgradeDowngradeHistory": {"history": [{"epochGradeDate": 1604319266, "firm": "Wedbush", "toGrade": "Outperform", "fromGrade": "Neutral", "action": "up"}, {"epochGradeDate": 1601460044, "firm": "Stifel", "toGrade": "Buy", "fromGrade": "", "action": "init"}, {"epochGradeDate": 1588159594, "firm": "Wedbush", "toGrade": "Neutral", "fromGrade": "Outperform", "action": "down"}, {"epochGradeDate": 1552654828, "firm": "Wedbush", "toGrade": "Outperform", "fromGrade": "Outperform", "action": "main"}, {"epochGradeDate": 1533643435, "firm": "Oppenheimer", "toGrade": "Outperform", "fromGrade": "Outperform", "action": "main"}, {"epochGradeDate": 1533215582, "firm": "Wedbush", "toGrade": "Outperform", "fromGrade": "Outperform", "action": "main"}, {"epochGradeDate": 1531171204, "firm": "DA Davidson", "toGrade": "Buy", "fromGrade": "", "action": "init"}, {"epochGradeDate": 1525528838, "firm": "B. Riley FBR", "toGrade": "Neutral", "fromGrade": "Buy", "action": "down"}, {"epochGradeDate": 1459148452, "firm": "Cowen & Co.", "toGrade": "Market Perform", "fromGrade": "Outperform", "action": "down"}, {"epochGradeDate": 1525528837, "firm": "B. Riley FBR", "toGrade": "Buy", "fromGrade": "", "action": "main"}, {"epochGradeDate": 1443428685, "firm": "Oppenheimer", "toGrade": "Outperform", "fromGrade": "", "action": "init"}, {"epochGradeDate": 1525528837, "firm": "B. Riley FBR", "toGrade": "Buy", "fromGrade": "", "action": "init"}, {"epochGradeDate": 1427784854, "firm": "Wunderlich", "toGrade": "Hold", "fromGrade": "", "action": "init"}, {"epochGradeDate": 1415728288, "firm": "Northland Securities", "toGrade": "Market Perform", "fromGrade": "Outperform", "action": "down"}, {"epochGradeDate": 1403766530, "firm": "Northland Securities", "toGrade": "Outperform", "fromGrade": "", "action": "init"}, {"epochGradeDate": 1399358498, "firm": "Wedbush", "toGrade": "Outperform", "fromGrade": "", "action": "init"}], "maxAge": 86400}, "pageViews": {"shortTermTrend": "DOWN", "midTermTrend": "UP", "longTermTrend": "UP", "maxAge": 1}}, "HLOC": {"defaultKeyStatistics": {"annualHoldingsTurnover": null, "enterpriseToRevenue": 5.565, "beta3Year": null, "profitMargins": -0.093109995, "enterpriseToEbitda": null, "52WeekChange": 1.04, "morningStarRiskRating": null, "forwardEps": null, "revenueQuarterlyGrowth": null, "sharesOutstanding": 36722200, "fundInceptionDate": null, "annualReportExpenseRatio": null, "totalAssets": null, "bookValue": -0.018, "sharesShort": null, "sharesPercentSharesOut": null, "fundFamily": null, "lastFiscalYearEnd": 1514678400, "heldPercentInstitutions": 0, "netIncomeToCommon": -674274, "trailingEps": -0.018, "lastDividendValue": null, "SandP52WeekChange": 0.29989743, "priceToBook": null, "heldPercentInsiders": 0, "nextFiscalYearEnd": 1577750400, "yield": null, "mostRecentQuarter": 1538265600, "shortRatio": null, "sharesShortPreviousMonthDate": null, "floatShares": 4548050, "beta": 1.073993, "enterpriseValue": 40300644, "priceHint": 4, "threeYearAverageReturn": null, "lastSplitDate": null, "lastSplitFactor": null, "legalType": null, "lastDividendDate": null, "morningStarOverallRating": null, "earningsQuarterlyGrowth": null, "priceToSalesTrailing12Months": null, "dateShortInterest": null, "pegRatio": null, "ytdReturn": null, "forwardPE": null, "maxAge": 1, "lastCapGain": null, "shortPercentOfFloat": null, "sharesShortPriorMonth": null, "impliedSharesOutstanding": null, "category": null, "fiveYearAverageReturn": null}, "details": null, "summaryProfile": {"zip": "33131", "sector": "Technology", "fullTimeEmployees": 1, "longBusinessSummary": "Helo Corp., a technology company, provides wearable devices for use in the quantified-self wellness market. The company's wearable devices and related applications offer its end-users with health-related knowledge acquired through self-tracking. Its products include Helo LX that gathers the wearer's bio-parameter data; Helo LX+, which offer continuous monitoring of bio-parameters; and HELO Extense, a peripheral device that pairs with smartphone and tracks sugar trends. The company was formerly known as World Technology Corp. and changed its name to Helo Corp. in October 2018. Helo Corp. is based in Miami, Florida.", "city": "Miami", "phone": "855-467-6500", "state": "FL", "country": "United States", "companyOfficers": [], "website": "http://www.worldcorp.com", "maxAge": 86400, "address1": "600 Brickell Avenue", "industry": "Consumer Electronics", "address2": "Suite 1775 Brickell World Plaza"}, "recommendationTrend": null, "financialsTemplate": {"code": "N", "maxAge": 1}, "earnings": null, "price": {"quoteSourceName": "Delayed Quote", "regularMarketOpen": 1.19, "averageDailyVolume3Month": 1332, "exchange": "PNK", "regularMarketTime": 1626805963, "volume24Hr": null, "regularMarketDayHigh": 1.19, "shortName": "HELO CORP", "averageDailyVolume10Day": 2316, "longName": "Helo Corp.", "regularMarketChange": 0.060000062, "currencySymbol": "$", "regularMarketPreviousClose": 1.02, "preMarketPrice": null, "exchangeDataDelayedBy": 0, "toCurrency": null, "postMarketChange": null, "postMarketPrice": null, "exchangeName": "Other OTC", "preMarketChange": null, "circulatingSupply": null, "regularMarketDayLow": 1.08, "priceHint": 4, "currency": "USD", "regularMarketPrice": 1.08, "regularMarketVolume": 849, "lastMarket": null, "regularMarketSource": "DELAYED", "openInterest": null, "marketState": "PREPRE", "underlyingSymbol": null, "marketCap": 39659976, "quoteType": "EQUITY", "volumeAllCurrencies": null, "strikePrice": null, "symbol": "HLOC", "maxAge": 1, "fromCurrency": null, "regularMarketChangePercent": 0.058823597}, "financialData": {"ebitdaMargins": 0, "profitMargins": -0.093109995, "grossMargins": 0.22918, "operatingCashflow": 279163, "revenueGrowth": 0.902, "operatingMargins": 0.12783, "ebitda": null, "targetLowPrice": null, "recommendationKey": "none", "grossProfits": 2265000, "freeCashflow": 1305472, "targetMedianPrice": null, "currentPrice": 1.08, "earningsGrowth": null, "currentRatio": 0.39, "returnOnAssets": 0.37333, "numberOfAnalystOpinions": null, "targetMeanPrice": null, "debtToEquity": null, "returnOnEquity": -4.11085, "targetHighPrice": null, "totalCash": 302767, "totalDebt": 943388, "totalRevenue": 7241650, "totalCashPerShare": 0.008, "financialCurrency": "USD", "maxAge": 86400, "revenuePerShare": 0.197, "quickRatio": 0.184, "recommendationMean": null}, "quoteType": {"exchange": "PNK", "shortName": "HELO CORP", "longName": "Helo Corp.", "exchangeTimezoneName": "America/New_York", "exchangeTimezoneShortName": "EDT", "isEsgPopulated": false, "gmtOffSetMilliseconds": "-14400000", "quoteType": "EQUITY", "symbol": "HLOC", "messageBoardId": "finmb_309864012", "market": "us_market"}, "calendarEvents": {"maxAge": 1, "earnings": {"earningsDate": [], "earningsAverage": null, "earningsLow": null, "earningsHigh": null, "revenueAverage": null, "revenueLow": null, "revenueHigh": null}, "exDividendDate": null, "dividendDate": null}, "summaryDetail": {"previousClose": 1.02, "regularMarketOpen": 1.19, "twoHundredDayAverage": 0.985875, "trailingAnnualDividendYield": null, "payoutRatio": 0, "volume24Hr": null, "regularMarketDayHigh": 1.19, "navPrice": null, "averageDailyVolume10Day": 2316, "totalAssets": null, "regularMarketPreviousClose": 1.02, "fiftyDayAverage": 0.9394706, "trailingAnnualDividendRate": null, "open": 1.19, "toCurrency": null, "averageVolume10days": 2316, "expireDate": null, "yield": null, "algorithm": null, "dividendRate": null, "exDividendDate": null, "beta": 1.073993, "circulatingSupply": null, "startDate": null, "regularMarketDayLow": 1.08, "priceHint": 4, "currency": "USD", "regularMarketVolume": 849, "lastMarket": null, "maxSupply": null, "openInterest": null, "marketCap": 39659976, "volumeAllCurrencies": null, "strikePrice": null, "averageVolume": 1332, "priceToSalesTrailing12Months": 5.4766493, "dayLow": 1.08, "ask": 0, "ytdReturn": null, "askSize": 0, "volume": 849, "fiftyTwoWeekHigh": 1.7, "forwardPE": null, "maxAge": 1, "fromCurrency": null, "fiveYearAvgDividendYield": null, "fiftyTwoWeekLow": 0.26, "bid": 0, "tradeable": false, "dividendYield": null, "bidSize": 0, "dayHigh": 1.19}, "symbol": "HLOC", "esgScores": null, "upgradeDowngradeHistory": null, "pageViews": null}, "IRBT": {"defaultKeyStatistics": {"annualHoldingsTurnover": null, "enterpriseToRevenue": 1.345, "beta3Year": null, "profitMargins": 0.11203, "enterpriseToEbitda": 9.797, "52WeekChange": 0.12993073, "morningStarRiskRating": null, "forwardEps": 5.09, "revenueQuarterlyGrowth": null, "sharesOutstanding": 28095000, "fundInceptionDate": null, "annualReportExpenseRatio": null, "totalAssets": null, "bookValue": 29.019, "sharesShort": 5585735, "sharesPercentSharesOut": 0.1988, "fundFamily": null, "lastFiscalYearEnd": 1609545600, "heldPercentInstitutions": 0.91387004, "netIncomeToCommon": 172646000, "trailingEps": 5.996, "lastDividendValue": null, "SandP52WeekChange": 0.29989743, "priceToBook": 3.0959027, "heldPercentInsiders": 0.02017, "nextFiscalYearEnd": 1672617600, "yield": null, "mostRecentQuarter": 1617408000, "shortRatio": 10.1, "sharesShortPreviousMonthDate": 1622160000, "floatShares": 27622998, "beta": 1.257889, "enterpriseValue": 2073203200, "priceHint": 2, "threeYearAverageReturn": null, "lastSplitDate": null, "lastSplitFactor": null, "legalType": null, "lastDividendDate": null, "morningStarOverallRating": null, "earningsQuarterlyGrowth": null, "priceToSalesTrailing12Months": null, "dateShortInterest": 1625011200, "pegRatio": 1.61, "ytdReturn": null, "forwardPE": 17.650293, "maxAge": 1, "lastCapGain": null, "shortPercentOfFloat": 0.3364, "sharesShortPriorMonth": 4670374, "impliedSharesOutstanding": null, "category": null, "fiveYearAverageReturn": null}, "details": null, "summaryProfile": {"zip": "01730", "sector": "Technology", "fullTimeEmployees": 1267, "longBusinessSummary": "iRobot Corporation designs, builds, and sells robots in the United States, Europe, the Middle East, Africa, Japan, and internationally. It offers Roomba floor vacuuming robots; Braava family of automatic floor mopping robots; and Root robots to help children learn how to code. The company sells its products through distributor and retail sales channels, as well as through online stores and resellers. iRobot Corporation was incorporated in 1990 and is headquartered in Bedford, Massachusetts.", "city": "Bedford", "phone": "781 430 3000", "state": "MA", "country": "United States", "companyOfficers": [], "website": "http://www.irobot.com", "maxAge": 86400, "address1": "8 Crosby Drive", "fax": "781 430 3001", "industry": "Consumer Electronics"}, "recommendationTrend": {"trend": [{"period": "0m", "strongBuy": 1, "buy": 1, "hold": 5, "sell": 1, "strongSell": 0}, {"period": "-1m", "strongBuy": 0, "buy": 1, "hold": 5, "sell": 1, "strongSell": 0}, {"period": "-2m", "strongBuy": 0, "buy": 1, "hold": 5, "sell": 1, "strongSell": 0}, {"period": "-3m", "strongBuy": 0, "buy": 1, "hold": 6, "sell": 1, "strongSell": 0}], "maxAge": 86400}, "financialsTemplate": {"code": "N", "maxAge": 1}, "earnings": {"maxAge": 86400, "earningsChart": {"quarterly": [{"date": "2Q2020", "actual": 1.06, "estimate": 0.29}, {"date": "3Q2020", "actual": 2.58, "estimate": 1}, {"date": "4Q2020", "actual": 0.84, "estimate": 0.31}, {"date": "1Q2021", "actual": 0.41, "estimate": 0.09}], "currentQuarterEstimate": 0.32, "currentQuarterEstimateDate": "2Q", "currentQuarterEstimateYear": 2021, "earningsDate": [1627430400]}, "financialsChart": {"yearly": [{"date": 2017, "revenue": 883911000, "earnings": 50964000}, {"date": 2018, "revenue": 1092584000, "earnings": 87992000}, {"date": 2019, "revenue": 1214010000, "earnings": 85300000}, {"date": 2021, "revenue": 1430390000, "earnings": 147068000}], "quarterly": [{"date": "2Q2020", "revenue": 279883000, "earnings": 58616000}, {"date": "3Q2020", "revenue": 413145000, "earnings": 93252000}, {"date": "1Q2021", "revenue": 544827000, "earnings": 13335000}, {"date": "2Q2021", "revenue": 303261000, "earnings": 7443000}]}, "financialCurrency": "USD"}, "price": {"quoteSourceName": "Delayed Quote", "regularMarketOpen": 89.36, "averageDailyVolume3Month": 545391, "exchange": "NMS", "regularMarketTime": 1626811203, "volume24Hr": null, "regularMarketDayHigh": 91.147, "shortName": "iRobot Corporation", "averageDailyVolume10Day": 389383, "longName": "iRobot Corporation", "regularMarketChange": 0.17999268, "currencySymbol": "$", "regularMarketPreviousClose": 89.66, "postMarketTime": 1626824306, "preMarketPrice": null, "exchangeDataDelayedBy": 0, "toCurrency": null, "postMarketChange": 0.5600052, "postMarketPrice": 90.4, "exchangeName": "NasdaqGS", "preMarketChange": null, "circulatingSupply": null, "regularMarketDayLow": 88.965, "priceHint": 2, "currency": "USD", "regularMarketPrice": 89.84, "regularMarketVolume": 342432, "lastMarket": null, "regularMarketSource": "FREE_REALTIME", "openInterest": null, "marketState": "PREPRE", "underlyingSymbol": null, "marketCap": 2524054784, "quoteType": "EQUITY", "volumeAllCurrencies": null, "postMarketSource": "DELAYED", "strikePrice": null, "symbol": "IRBT", "postMarketChangePercent": 0.0062333615, "preMarketSource": "FREE_REALTIME", "maxAge": 1, "fromCurrency": null, "regularMarketChangePercent": 0.0020075024}, "financialData": {"ebitdaMargins": 0.13731, "profitMargins": 0.11203, "grossMargins": 0.4653, "operatingCashflow": 220008000, "revenueGrowth": 0.575, "operatingMargins": 0.11609, "ebitda": 211608992, "targetLowPrice": 104, "recommendationKey": "hold", "grossProfits": 672149000, "freeCashflow": 152492624, "targetMedianPrice": 115, "currentPrice": 89.84, "earningsGrowth": null, "currentRatio": 3.195, "returnOnAssets": 0.11306, "numberOfAnalystOpinions": 3, "targetMeanPrice": 116.33, "debtToEquity": 6.67, "returnOnEquity": 0.23969999, "targetHighPrice": 130, "totalCash": 500753984, "totalDebt": 54960000, "totalRevenue": 1541116032, "totalCashPerShare": 17.824, "financialCurrency": "USD", "maxAge": 86400, "revenuePerShare": 54.862, "quickRatio": 2.155, "recommendationMean": 3}, "quoteType": {"exchange": "NMS", "shortName": "iRobot Corporation", "longName": "iRobot Corporation", "exchangeTimezoneName": "America/New_York", "exchangeTimezoneShortName": "EDT", "isEsgPopulated": false, "gmtOffSetMilliseconds": "-14400000", "quoteType": "EQUITY", "symbol": "IRBT", "messageBoardId": "finmb_544315", "market": "us_market"}, "calendarEvents": {"maxAge": 1, "earnings": {"earningsDate": [1627430400], "earningsAverage": 0.32, "earningsLow": 0.02, "earningsHigh": 0.44, "revenueAverage": 352760000, "revenueLow": 325040000, "revenueHigh": 372240000}, "exDividendDate": null, "dividendDate": null}, "summaryDetail": {"previousClose": 89.66, "regularMarketOpen": 89.36, "twoHundredDayAverage": 106.34125, "trailingAnnualDividendYield": null, "payoutRatio": 0, "volume24Hr": null, "regularMarketDayHigh": 91.147, "navPrice": null, "averageDailyVolume10Day": 389383, "totalAssets": null, "regularMarketPreviousClose": 89.66, "fiftyDayAverage": 93.74529, "trailingAnnualDividendRate": null, "open": 89.36, "toCurrency": null, "averageVolume10days": 389383, "expireDate": null, "yield": null, "algorithm": null, "dividendRate": null, "exDividendDate": null, "beta": 1.257889, "circulatingSupply": null, "startDate": null, "regularMarketDayLow": 88.965, "priceHint": 2, "currency": "USD", "trailingPE": 14.983322, "regularMarketVolume": 342432, "lastMarket": null, "maxSupply": null, "openInterest": null, "marketCap": 2524054784, "volumeAllCurrencies": null, "strikePrice": null, "averageVolume": 545391, "priceToSalesTrailing12Months": 1.6378098, "dayLow": 88.965, "ask": 0, "ytdReturn": null, "askSize": 1400, "volume": 342432, "fiftyTwoWeekHigh": 197.4, "forwardPE": 17.650293, "maxAge": 1, "fromCurrency": null, "fiveYearAvgDividendYield": null, "fiftyTwoWeekLow": 67.55, "bid": 0, "tradeable": false, "dividendYield": null, "bidSize": 900, "dayHigh": 91.147}, "symbol": "IRBT", "esgScores": null, "upgradeDowngradeHistory": {"history": [{"epochGradeDate": 1620220724, "firm": "Northland Capital Markets", "toGrade": "Market Perform", "fromGrade": "", "action": "main"}, {"epochGradeDate": 1613139879, "firm": "Citigroup", "toGrade": "Neutral", "fromGrade": "", "action": "main"}, {"epochGradeDate": 1612803792, "firm": "JP Morgan", "toGrade": "Neutral", "fromGrade": "", "action": "main"}, {"epochGradeDate": 1603362925, "firm": "Raymond James", "toGrade": "Outperform", "fromGrade": "Market Perform", "action": "up"}, {"epochGradeDate": 1603125530, "firm": "B of A Securities", "toGrade": "Underperform", "fromGrade": "", "action": "main"}, {"epochGradeDate": 1595509353, "firm": "Colliers Securities", "toGrade": "Neutral", "fromGrade": "Buy", "action": "down"}, {"epochGradeDate": 1593183263, "firm": "B of A Securities", "toGrade": "Underperform", "fromGrade": "Neutral", "action": "down"}, {"epochGradeDate": 1592397410, "firm": "Piper Sandler", "toGrade": "Neutral", "fromGrade": "", "action": "main"}, {"epochGradeDate": 1591199875, "firm": "B of A Securities", "toGrade": "Neutral", "fromGrade": "", "action": "main"}, {"epochGradeDate": 1590483766, "firm": "JP Morgan", "toGrade": "Neutral", "fromGrade": "Underweight", "action": "up"}, {"epochGradeDate": 1588254000, "firm": "Citigroup", "toGrade": "Neutral", "fromGrade": "", "action": "main"}, {"epochGradeDate": 1587549593, "firm": "JP Morgan", "toGrade": "Underweight", "fromGrade": "Neutral", "action": "down"}, {"epochGradeDate": 1579713803, "firm": "B of A Securities", "toGrade": "Neutral", "fromGrade": "", "action": "main"}, {"epochGradeDate": 1579176089, "firm": "Raymond James", "toGrade": "Market Perform", "fromGrade": "Underperform", "action": "up"}, {"epochGradeDate": 1571928965, "firm": "Canaccord Genuity", "toGrade": "Hold", "fromGrade": "", "action": "main"}, {"epochGradeDate": 1571915970, "firm": "Citi", "toGrade": "Neutral", "fromGrade": "", "action": "main"}, {"epochGradeDate": 1571913536, "firm": "Bank of America", "toGrade": "Neutral", "fromGrade": "Buy", "action": "down"}, {"epochGradeDate": 1571837545, "firm": "Piper Jaffray", "toGrade": "Neutral", "fromGrade": "", "action": "reit"}, {"epochGradeDate": 1571834920, "firm": "JP Morgan", "toGrade": "Neutral", "fromGrade": "", "action": "main"}, {"epochGradeDate": 1571231637, "firm": "JP Morgan", "toGrade": "Neutral", "fromGrade": "", "action": "main"}, {"epochGradeDate": 1570617506, "firm": "Raymond James", "toGrade": "Underperform", "fromGrade": "Market Perform", "action": "down"}, {"epochGradeDate": 1569589832, "firm": "Bank of America", "toGrade": "Buy", "fromGrade": "", "action": "init"}, {"epochGradeDate": 1567083480, "firm": "Sidoti & Co.", "toGrade": "Buy", "fromGrade": "Neutral", "action": "up"}, {"epochGradeDate": 1564056613, "firm": "Canaccord Genuity", "toGrade": "Hold", "fromGrade": "", "action": "main"}, {"epochGradeDate": 1552995785, "firm": "Needham", "toGrade": "Hold", "fromGrade": "Buy", "action": "down"}, {"epochGradeDate": 1550757868, "firm": "Sidoti & Co.", "toGrade": "Neutral", "fromGrade": "Buy", "action": "down"}, {"epochGradeDate": 1550578753, "firm": "Canaccord Genuity", "toGrade": "Hold", "fromGrade": "Buy", "action": "down"}, {"epochGradeDate": 1540400536, "firm": "Needham", "toGrade": "Buy", "fromGrade": "Hold", "action": "up"}, {"epochGradeDate": 1538996139, "firm": "PiperJaffray", "toGrade": "Neutral", "fromGrade": "Overweight", "action": "down"}, {"epochGradeDate": 1536068561, "firm": "Sidoti & Co.", "toGrade": "Neutral", "fromGrade": "Buy", "action": "down"}, {"epochGradeDate": 1531225048, "firm": "Raymond James", "toGrade": "Market Perform", "fromGrade": "Outperform", "action": "down"}, {"epochGradeDate": 1524765879, "firm": "Canaccord Genuity", "toGrade": "Hold", "fromGrade": "Hold", "action": "main"}, {"epochGradeDate": 1524744413, "firm": "JP Morgan", "toGrade": "Neutral", "fromGrade": "Neutral", "action": "main"}, {"epochGradeDate": 1524149368, "firm": "PiperJaffray", "toGrade": "Overweight", "fromGrade": "Neutral", "action": "up"}, {"epochGradeDate": 1518192289, "firm": "Sidoti & Co.", "toGrade": "Buy", "fromGrade": "Neutral", "action": "up"}, {"epochGradeDate": 1518179367, "firm": "JP Morgan", "toGrade": "Neutral", "fromGrade": "Underweight", "action": "up"}, {"epochGradeDate": 1512398374, "firm": "Citigroup", "toGrade": "Neutral", "fromGrade": "", "action": "init"}, {"epochGradeDate": 1509020996, "firm": "Canaccord Genuity", "toGrade": "Hold", "fromGrade": "", "action": "main"}, {"epochGradeDate": 1499089272, "firm": "", "toGrade": "Neutral", "fromGrade": "Buy", "action": "down"}, {"epochGradeDate": 1496227850, "firm": "Canaccord Genuity", "toGrade": "Hold", "fromGrade": "Buy", "action": "down"}, {"epochGradeDate": 1479388299, "firm": "Dougherty", "toGrade": "Buy", "fromGrade": "", "action": "init"}, {"epochGradeDate": 1479133539, "firm": "Needham", "toGrade": "Hold", "fromGrade": "Buy", "action": "down"}, {"epochGradeDate": 1461754143, "firm": "JP Morgan", "toGrade": "Underweight", "fromGrade": "", "action": "main"}, {"epochGradeDate": 1458278788, "firm": "JP Morgan", "toGrade": "Underweight", "fromGrade": "Neutral", "action": "down"}, {"epochGradeDate": 1455088747, "firm": "Chardan Capital", "toGrade": "Buy", "fromGrade": "", "action": "init"}, {"epochGradeDate": 1452075948, "firm": "JP Morgan", "toGrade": "Neutral", "fromGrade": "Underweight", "action": "up"}, {"epochGradeDate": 1451888122, "firm": "PiperJaffray", "toGrade": "Neutral", "fromGrade": "Overweight", "action": "down"}, {"epochGradeDate": 1444722928, "firm": "JMP Securities", "toGrade": "Market Outperform", "fromGrade": "", "action": "main"}, {"epochGradeDate": 1442557840, "firm": "Raymond James", "toGrade": "Market Perform", "fromGrade": "Outperform", "action": "down"}, {"epochGradeDate": 1430987048, "firm": "Oppenheimer", "toGrade": "Perform", "fromGrade": "", "action": "init"}, {"epochGradeDate": 1426658408, "firm": "Raymond James", "toGrade": "Outperform", "fromGrade": "Strong Buy", "action": "down"}, {"epochGradeDate": 1423126800, "firm": "JMP Securities", "toGrade": "Market Outperform", "fromGrade": "", "action": "main"}, {"epochGradeDate": 1422867600, "firm": "Susquehanna", "toGrade": "Neutral", "fromGrade": "", "action": "main"}, {"epochGradeDate": 1421193600, "firm": "JP Morgan", "toGrade": "Underweight", "fromGrade": "Neutral", "action": "down"}, {"epochGradeDate": 1417564800, "firm": "JMP Securities", "toGrade": "Market Outperform", "fromGrade": "", "action": "init"}, {"epochGradeDate": 1417478400, "firm": "JMP Securities", "toGrade": "Market Outperform", "fromGrade": "", "action": "init"}, {"epochGradeDate": 1405637265, "firm": "JP Morgan", "toGrade": "Neutral", "fromGrade": "", "action": "main"}, {"epochGradeDate": 1398758400, "firm": "JP Morgan", "toGrade": "Neutral", "fromGrade": "Underweight", "action": "up"}, {"epochGradeDate": 1395651386, "firm": "CRT Capital", "toGrade": "Fair Value", "fromGrade": "", "action": "main"}, {"epochGradeDate": 1391757479, "firm": "JP Morgan", "toGrade": "Underweight", "fromGrade": "Neutral", "action": "down"}, {"epochGradeDate": 1387382400, "firm": "GARP Research", "toGrade": "Buy", "fromGrade": "", "action": "init"}, {"epochGradeDate": 1387296000, "firm": "Raymond James", "toGrade": "Strong Buy", "fromGrade": "Market Perform", "action": "up"}, {"epochGradeDate": 1387209600, "firm": "Sidoti & Co.", "toGrade": "Buy", "fromGrade": "Neutral", "action": "up"}, {"epochGradeDate": 1386864000, "firm": "JP Morgan", "toGrade": "Neutral", "fromGrade": "Underweight", "action": "up"}, {"epochGradeDate": 1378749240, "firm": "Susquehanna", "toGrade": "Positive", "fromGrade": "", "action": "init"}, {"epochGradeDate": 1371804994, "firm": "Benchmark", "toGrade": "Buy", "fromGrade": "", "action": "main"}, {"epochGradeDate": 1369134109, "firm": "Sidoti & Co.", "toGrade": "Neutral", "fromGrade": "", "action": "init"}, {"epochGradeDate": 1351090740, "firm": "JP Morgan", "toGrade": "Underweight", "fromGrade": "", "action": "main"}, {"epochGradeDate": 1335357840, "firm": "JP Morgan", "toGrade": "Underweight", "fromGrade": "", "action": "main"}, {"epochGradeDate": 1335287280, "firm": "Early Bird Capital", "toGrade": "Hold", "fromGrade": "", "action": "main"}, {"epochGradeDate": 1328788860, "firm": "Morgan Keegan", "toGrade": "Underperform", "fromGrade": "", "action": "down"}, {"epochGradeDate": 1328768160, "firm": "Early Bird Capital", "toGrade": "Hold", "fromGrade": "", "action": "down"}, {"epochGradeDate": 1328767560, "firm": "JP Morgan", "toGrade": "Underweight", "fromGrade": "", "action": "down"}], "maxAge": 86400}, "pageViews": {"shortTermTrend": "DOWN", "midTermTrend": "UP", "longTermTrend": "UP", "maxAge": 1}}, "KOSS": {"defaultKeyStatistics": {"annualHoldingsTurnover": null, "enterpriseToRevenue": 8.52, "beta3Year": null, "profitMargins": 0.0177, "enterpriseToEbitda": -564.729, "52WeekChange": 9.699422, "morningStarRiskRating": null, "forwardEps": null, "revenueQuarterlyGrowth": null, "sharesOutstanding": 8516820, "fundInceptionDate": null, "annualReportExpenseRatio": null, "totalAssets": null, "bookValue": 2.219, "sharesShort": 440262, "sharesPercentSharesOut": 0.0517, "fundFamily": null, "lastFiscalYearEnd": 1593475200, "heldPercentInstitutions": 0.075040005, "netIncomeToCommon": 319889, "trailingEps": 0.038, "lastDividendValue": 0.06, "SandP52WeekChange": 0.29989743, "priceToBook": 8.73817, "heldPercentInsiders": 0.69828004, "nextFiscalYearEnd": 1656547200, "yield": null, "mostRecentQuarter": 1617148800, "shortRatio": 0.15, "sharesShortPreviousMonthDate": 1622160000, "floatShares": 5380929, "beta": -2.559303, "enterpriseValue": 153993232, "priceHint": 2, "threeYearAverageReturn": null, "lastSplitDate": 1259712000, "lastSplitFactor": "2:1", "legalType": null, "lastDividendDate": 1395878400, "morningStarOverallRating": null, "earningsQuarterlyGrowth": null, "priceToSalesTrailing12Months": null, "dateShortInterest": 1625011200, "pegRatio": null, "ytdReturn": null, "forwardPE": null, "maxAge": 1, "lastCapGain": null, "shortPercentOfFloat": 0.1508, "sharesShortPriorMonth": 551918, "impliedSharesOutstanding": null, "category": null, "fiveYearAverageReturn": null}, "details": null, "summaryProfile": {"zip": "53212", "sector": "Technology", "fullTimeEmployees": 31, "longBusinessSummary": "Koss Corporation, together with its subsidiaries, designs, manufactures, and sells stereo headphones and related accessories in the United States, the Czech Republic, Sweden, Canada, the Russian Federation, Australia, Malaysia, and internationally. It offers high-fidelity headphones, wireless Bluetooth headphones, wireless Bluetooth speakers, computer headsets, telecommunications headsets, active noise canceling headphones, and compact disc recordings under the Koss Classics label. The company sells its products through national retailers, distributors, audio specialty stores, internet, direct mail catalogs, regional department store chains, discount department stores, grocery stores, electronics retailers, military exchanges, and prisons under the Koss name, as well as private label. It also sells its products to distributors for resale to school systems, as well as directly to other manufacturers. The company also exports its products. Koss Corporation was founded in 1953 and is headquartered in Milwaukee, Wisconsin.", "city": "Milwaukee", "phone": "414 964 5000", "state": "WI", "country": "United States", "companyOfficers": [], "website": "http://www.koss.com", "maxAge": 86400, "address1": "4129 North Port Washington Avenue", "industry": "Consumer Electronics"}, "recommendationTrend": {"trend": [{"period": "0m", "strongBuy": 0, "buy": 0, "hold": 0, "sell": 0, "strongSell": 0}, {"period": "-1m", "strongBuy": 0, "buy": 0, "hold": 0, "sell": 0, "strongSell": 0}, {"period": "-2m", "strongBuy": 0, "buy": 0, "hold": 0, "sell": 0, "strongSell": 0}, {"period": "-3m", "strongBuy": 0, "buy": 0, "hold": 0, "sell": 0, "strongSell": 0}], "maxAge": 86400}, "financialsTemplate": {"code": "N", "maxAge": 1}, "earnings": {"maxAge": 86400, "earningsChart": {"quarterly": [], "earningsDate": [1611792000]}, "financialsChart": {"yearly": [{"date": 2017, "revenue": 24054281, "earnings": -963636}, {"date": 2018, "revenue": 23522631, "earnings": -3411220}, {"date": 2019, "revenue": 21842097, "earnings": 305989}, {"date": 2020, "revenue": 18311830, "earnings": -465597}], "quarterly": [{"date": "2Q2020", "revenue": 3948968, "earnings": 158238}, {"date": "3Q2020", "revenue": 5208295, "earnings": 126928}, {"date": "4Q2020", "revenue": 4929789, "earnings": 508890}, {"date": "1Q2021", "revenue": 3987452, "earnings": -474168}]}, "financialCurrency": "USD"}, "price": {"quoteSourceName": "Delayed Quote", "regularMarketOpen": 18.45, "averageDailyVolume3Month": 1912969, "exchange": "NMS", "regularMarketTime": 1626811202, "volume24Hr": null, "regularMarketDayHigh": 19.87, "shortName": "Koss Corporation", "averageDailyVolume10Day": 180250, "longName": "Koss Corporation", "regularMarketChange": 0.87999916, "currencySymbol": "$", "regularMarketPreviousClose": 18.51, "postMarketTime": 1626825584, "preMarketPrice": null, "exchangeDataDelayedBy": 0, "toCurrency": null, "postMarketChange": 0.010000229, "postMarketPrice": 19.4, "exchangeName": "NasdaqGS", "preMarketChange": null, "circulatingSupply": null, "regularMarketDayLow": 18.0902, "priceHint": 2, "currency": "USD", "regularMarketPrice": 19.39, "regularMarketVolume": 321600, "lastMarket": null, "regularMarketSource": "FREE_REALTIME", "openInterest": null, "marketState": "PREPRE", "underlyingSymbol": null, "marketCap": 165141136, "quoteType": "EQUITY", "volumeAllCurrencies": null, "postMarketSource": "DELAYED", "strikePrice": null, "symbol": "KOSS", "postMarketChangePercent": 0.0005157416, "preMarketSource": "FREE_REALTIME", "maxAge": 1, "fromCurrency": null, "regularMarketChangePercent": 0.047541823}, "financialData": {"ebitdaMargins": -0.01509, "profitMargins": 0.0177, "grossMargins": 0.33378, "operatingCashflow": 1026555, "revenueGrowth": -0.167, "operatingMargins": -0.03142, "ebitda": -272685, "targetLowPrice": null, "recommendationKey": "none", "grossProfits": 5662608, "freeCashflow": 426336, "targetMedianPrice": null, "currentPrice": 19.39, "earningsGrowth": null, "currentRatio": 5.865, "returnOnAssets": -0.014880001, "numberOfAnalystOpinions": null, "targetMeanPrice": null, "debtToEquity": 12.572, "returnOnEquity": 0.01894, "targetHighPrice": null, "totalCash": 6028952, "totalDebt": 2375797, "totalRevenue": 18074504, "totalCashPerShare": 0.708, "financialCurrency": "USD", "maxAge": 86400, "revenuePerShare": 2.386, "quickRatio": 3.059, "recommendationMean": null}, "quoteType": {"exchange": "NMS", "shortName": "Koss Corporation", "longName": "Koss Corporation", "exchangeTimezoneName": "America/New_York", "exchangeTimezoneShortName": "EDT", "isEsgPopulated": false, "gmtOffSetMilliseconds": "-14400000", "quoteType": "EQUITY", "symbol": "KOSS", "messageBoardId": "finmb_283448", "market": "us_market"}, "calendarEvents": {"maxAge": 1, "earnings": {"earningsDate": [1611792000], "earningsAverage": null, "earningsLow": null, "earningsHigh": null, "revenueAverage": null, "revenueLow": null, "revenueHigh": null}, "exDividendDate": 1395878400, "dividendDate": 1397520000}, "summaryDetail": {"previousClose": 18.51, "regularMarketOpen": 18.45, "twoHundredDayAverage": 19.634779, "trailingAnnualDividendYield": 0, "payoutRatio": 0, "volume24Hr": null, "regularMarketDayHigh": 19.87, "navPrice": null, "averageDailyVolume10Day": 180250, "totalAssets": null, "regularMarketPreviousClose": 18.51, "fiftyDayAverage": 23.706177, "trailingAnnualDividendRate": 0, "open": 18.45, "toCurrency": null, "averageVolume10days": 180250, "expireDate": null, "yield": null, "algorithm": null, "dividendRate": null, "exDividendDate": 1395878400, "beta": -2.559303, "circulatingSupply": null, "startDate": null, "regularMarketDayLow": 18.0902, "priceHint": 2, "currency": "USD", "trailingPE": 510.26315, "regularMarketVolume": 321600, "lastMarket": null, "maxSupply": null, "openInterest": null, "marketCap": 165141136, "volumeAllCurrencies": null, "strikePrice": null, "averageVolume": 1912969, "priceToSalesTrailing12Months": 9.13669, "dayLow": 18.0902, "ask": 0, "ytdReturn": null, "askSize": 1100, "volume": 321600, "fiftyTwoWeekHigh": 127.45, "forwardPE": null, "maxAge": 1, "fromCurrency": null, "fiveYearAvgDividendYield": null, "fiftyTwoWeekLow": 1.66, "bid": 0, "tradeable": false, "dividendYield": null, "bidSize": 800, "dayHigh": 19.87}, "symbol": "KOSS", "esgScores": null, "upgradeDowngradeHistory": null, "pageViews": {"shortTermTrend": "UP", "midTermTrend": "UP", "longTermTrend": "UP", "maxAge": 1}}, "LTEC": {"defaultKeyStatistics": {"annualHoldingsTurnover": null, "enterpriseToRevenue": 0.456, "beta3Year": null, "profitMargins": -0.13809, "enterpriseToEbitda": 8.958, "52WeekChange": 2.5, "morningStarRiskRating": null, "forwardEps": null, "revenueQuarterlyGrowth": null, "sharesOutstanding": 0, "fundInceptionDate": null, "annualReportExpenseRatio": null, "totalAssets": null, "bookValue": -4.919, "sharesShort": 999, "sharesPercentSharesOut": 0.0002, "fundFamily": null, "lastFiscalYearEnd": 1199059200, "heldPercentInstitutions": null, "netIncomeToCommon": -28945000, "trailingEps": -5.962, "lastDividendValue": null, "SandP52WeekChange": 0.29989743, "priceToBook": null, "heldPercentInsiders": null, "nextFiscalYearEnd": 1262217600, "yield": null, "mostRecentQuarter": 1222732800, "shortRatio": 0.54, "sharesShortPreviousMonthDate": 1233273600, "floatShares": null, "beta": 1.304134, "enterpriseValue": 95513136, "priceHint": 4, "threeYearAverageReturn": null, "lastSplitDate": 1132272000, "lastSplitFactor": "1:5", "legalType": null, "lastDividendDate": null, "morningStarOverallRating": null, "earningsQuarterlyGrowth": null, "priceToSalesTrailing12Months": null, "dateShortInterest": 1235692800, "pegRatio": null, "ytdReturn": null, "forwardPE": null, "maxAge": 1, "lastCapGain": null, "shortPercentOfFloat": 0.00090000004, "sharesShortPriorMonth": 253, "impliedSharesOutstanding": 4858940, "category": null, "fiveYearAverageReturn": null}, "details": null, "summaryProfile": {"zip": "98072", "sector": "Technology", "fullTimeEmployees": 500, "longBusinessSummary": "LOUD Technologies Inc. engineers, markets, and distributes a range of professional audio and musical instrument products worldwide. LOUD Technologies Inc. was formerly known as Mackie Designs, Inc. and changed its name to LOUD Technologies Inc. in September 2003. The company was founded in 1988 and is based in Woodinville, Washington.", "city": "Woodinville", "phone": "425-892-6500", "state": "WA", "country": "United States", "companyOfficers": [], "maxAge": 86400, "address1": "16220 Wood-Red Road NE", "fax": "425-487-4337", "industry": "Consumer Electronics"}, "recommendationTrend": {"trend": [{"period": "0m", "strongBuy": 0, "buy": 0, "hold": 0, "sell": 0, "strongSell": 0}, {"period": "-1m", "strongBuy": 0, "buy": 0, "hold": 0, "sell": 0, "strongSell": 0}, {"period": "-2m", "strongBuy": 0, "buy": 0, "hold": 0, "sell": 0, "strongSell": 0}, {"period": "-3m", "strongBuy": 0, "buy": 0, "hold": 0, "sell": 0, "strongSell": 0}], "maxAge": 86400}, "financialsTemplate": {"code": "N", "maxAge": 1}, "earnings": {"maxAge": 86400, "earningsChart": {"quarterly": [], "earningsDate": []}, "financialsChart": {"yearly": [{"date": 2004, "revenue": 123276000, "earnings": -2291000}, {"date": 2005, "revenue": 204328000, "earnings": 3757000}, {"date": 2006, "revenue": 215033000, "earnings": 625000}, {"date": 2007, "revenue": 208253000, "earnings": -12586000}], "quarterly": [{"date": "4Q2007", "revenue": 53623000, "earnings": -1975000}, {"date": "1Q2008", "revenue": 54149000, "earnings": -2512000}, {"date": "2Q2008", "revenue": 54981000, "earnings": -1050000}, {"date": "3Q2008", "revenue": 46857000, "earnings": -23408000}]}, "financialCurrency": "USD"}, "price": {"quoteSourceName": "Delayed Quote", "regularMarketOpen": 0.0735, "averageDailyVolume3Month": 898, "exchange": "PNK", "regularMarketTime": 1626096605, "volume24Hr": null, "regularMarketDayHigh": 0.0735, "shortName": "LOUD TECHNOLOGIES", "averageDailyVolume10Day": 33, "longName": "LOUD Technologies Inc.", "regularMarketChange": 0, "currencySymbol": "$", "regularMarketPreviousClose": 0.0735, "preMarketPrice": null, "exchangeDataDelayedBy": 0, "toCurrency": null, "postMarketChange": null, "postMarketPrice": null, "exchangeName": "Other OTC", "preMarketChange": null, "circulatingSupply": null, "regularMarketDayLow": 0.0735, "priceHint": 4, "currency": "USD", "regularMarketPrice": 0.0735, "regularMarketVolume": 200, "lastMarket": null, "regularMarketSource": "DELAYED", "openInterest": null, "marketState": "PREPRE", "underlyingSymbol": null, "marketCap": 413009, "quoteType": "EQUITY", "volumeAllCurrencies": null, "strikePrice": null, "symbol": "LTEC", "maxAge": 1, "fromCurrency": null, "regularMarketChangePercent": 0}, "financialData": {"ebitdaMargins": 0.050869998, "profitMargins": -0.13809, "grossMargins": 0.30952, "operatingCashflow": -141000, "revenueGrowth": -0.117, "operatingMargins": 0.0255, "ebitda": 10662000, "targetLowPrice": null, "recommendationKey": "none", "grossProfits": 61585000, "freeCashflow": 2680250, "targetMedianPrice": null, "currentPrice": 0.0735, "earningsGrowth": null, "currentRatio": 0.581, "returnOnAssets": 0.02695, "numberOfAnalystOpinions": null, "targetMeanPrice": null, "debtToEquity": null, "returnOnEquity": null, "targetHighPrice": null, "totalCash": 2231000, "totalDebt": 97387000, "totalRevenue": 209608992, "totalCashPerShare": 0.459, "financialCurrency": "USD", "maxAge": 86400, "revenuePerShare": 43.138, "quickRatio": 0.214, "recommendationMean": null}, "quoteType": {"exchange": "PNK", "shortName": "LOUD TECHNOLOGIES", "longName": "LOUD Technologies Inc.", "exchangeTimezoneName": "America/New_York", "exchangeTimezoneShortName": "EDT", "isEsgPopulated": false, "gmtOffSetMilliseconds": "-14400000", "quoteType": "EQUITY", "symbol": "LTEC", "messageBoardId": "finmb_340880", "market": "us_market"}, "calendarEvents": {"maxAge": 1, "earnings": {"earningsDate": [], "earningsAverage": null, "earningsLow": null, "earningsHigh": null, "revenueAverage": 46857000, "revenueLow": 46860000, "revenueHigh": 46860000}, "exDividendDate": null, "dividendDate": null}, "summaryDetail": {"previousClose": 0.0735, "regularMarketOpen": 0.0735, "twoHundredDayAverage": 0.041544117, "trailingAnnualDividendYield": null, "payoutRatio": 0, "volume24Hr": null, "regularMarketDayHigh": 0.0735, "navPrice": null, "averageDailyVolume10Day": 33, "totalAssets": null, "regularMarketPreviousClose": 0.0735, "fiftyDayAverage": 0.033235293, "trailingAnnualDividendRate": null, "open": 0.0735, "toCurrency": null, "averageVolume10days": 33, "expireDate": null, "yield": null, "algorithm": null, "dividendRate": null, "exDividendDate": null, "beta": 1.304134, "circulatingSupply": null, "startDate": null, "regularMarketDayLow": 0.0735, "priceHint": 4, "currency": "USD", "regularMarketVolume": 200, "lastMarket": null, "maxSupply": null, "openInterest": null, "marketCap": 413009, "volumeAllCurrencies": null, "strikePrice": null, "averageVolume": 898, "priceToSalesTrailing12Months": 0.0019703782, "dayLow": 0.0735, "ask": 0, "ytdReturn": null, "askSize": 0, "volume": 200, "fiftyTwoWeekHigh": 0.2, "forwardPE": null, "maxAge": 1, "fromCurrency": null, "fiveYearAvgDividendYield": null, "fiftyTwoWeekLow": 0.01, "bid": 0, "tradeable": false, "dividendYield": 0.0512, "bidSize": 0, "dayHigh": 0.0735}, "symbol": "LTEC", "esgScores": null, "upgradeDowngradeHistory": null, "pageViews": null}, "MSN": {"defaultKeyStatistics": {"annualHoldingsTurnover": null, "enterpriseToRevenue": -0.06, "beta3Year": null, "profitMargins": -0.53405, "enterpriseToEbitda": 0.106, "52WeekChange": 0.82352936, "morningStarRiskRating": null, "forwardEps": 4.07, "revenueQuarterlyGrowth": null, "sharesOutstanding": 21042700, "fundInceptionDate": null, "annualReportExpenseRatio": null, "totalAssets": null, "bookValue": 1.29, "sharesShort": 22137, "sharesPercentSharesOut": 0.0011, "fundFamily": null, "lastFiscalYearEnd": 1617148800, "heldPercentInstitutions": 0.06532, "netIncomeToCommon": -3976000, "trailingEps": -0.19, "lastDividendValue": 0.7, "SandP52WeekChange": 0.29989743, "priceToBook": 0.9534884, "heldPercentInsiders": 0.72440004, "nextFiscalYearEnd": 1680220800, "yield": null, "mostRecentQuarter": 1617148800, "shortRatio": 0.11, "sharesShortPreviousMonthDate": 1622160000, "floatShares": 4746591, "beta": 0.31828, "enterpriseValue": -445111, "priceHint": 4, "threeYearAverageReturn": null, "lastSplitDate": null, "lastSplitFactor": null, "legalType": null, "lastDividendDate": 1412121600, "morningStarOverallRating": null, "earningsQuarterlyGrowth": null, "priceToSalesTrailing12Months": null, "dateShortInterest": 1625011200, "pegRatio": null, "ytdReturn": null, "forwardPE": null, "maxAge": 1, "lastCapGain": null, "shortPercentOfFloat": 0.0038, "sharesShortPriorMonth": 65375, "impliedSharesOutstanding": null, "category": null, "fiveYearAverageReturn": null}, "details": null, "summaryProfile": {"zip": "07054", "sector": "Technology", "fullTimeEmployees": 24, "longBusinessSummary": "Emerson Radio Corp., together with its subsidiaries, designs, sources, imports, markets, and sells various houseware and consumer electronic products under the Emerson brand in the United States and internationally. It provides houseware products, such as microwave ovens, compact refrigerators, wine products, and toaster ovens; audio products, including clock radios, Bluetooth speakers, and wireless charging products; and other products comprising massagers, toothbrushes, and security products. The company also licenses its trademarks to others on a worldwide basis for various products. Emerson Radio Corp. markets its products primarily through mass merchandisers and online marketplaces. The company was founded in 1948 and is headquartered in Parsippany, New Jersey.", "city": "Parsippany", "phone": "973 428 2000", "state": "NJ", "country": "United States", "companyOfficers": [], "website": "http://www.emersonradio.com", "maxAge": 86400, "address1": "35 Waterview Boulevard", "industry": "Consumer Electronics", "address2": "Suite 140"}, "recommendationTrend": {"trend": [{"period": "0m", "strongBuy": 0, "buy": 0, "hold": 0, "sell": 0, "strongSell": 0}, {"period": "-1m", "strongBuy": 0, "buy": 0, "hold": 0, "sell": 0, "strongSell": 0}, {"period": "-2m", "strongBuy": 0, "buy": 0, "hold": 0, "sell": 0, "strongSell": 0}, {"period": "-3m", "strongBuy": 0, "buy": 0, "hold": 0, "sell": 0, "strongSell": 0}], "maxAge": 86400}, "financialsTemplate": {"code": "N", "maxAge": 1}, "earnings": {"maxAge": 86400, "earningsChart": {"quarterly": [], "earningsDate": [1628726400, 1629072000]}, "financialsChart": {"yearly": [{"date": 2018, "revenue": 15022000, "earnings": -6851000}, {"date": 2019, "revenue": 8982000, "earnings": -2437000}, {"date": 2020, "revenue": 6293000, "earnings": -4307000}, {"date": 2021, "revenue": 7445000, "earnings": -3976000}], "quarterly": [{"date": "2Q2020", "revenue": 1294000, "earnings": -1125000}, {"date": "3Q2020", "revenue": 2271000, "earnings": -956000}, {"date": "4Q2020", "revenue": 2333000, "earnings": -945000}, {"date": "1Q2021", "revenue": 1547000, "earnings": -950000}]}, "financialCurrency": "USD"}, "price": {"quoteSourceName": "Delayed Quote", "regularMarketOpen": 1.24, "averageDailyVolume3Month": 246325, "exchange": "ASE", "regularMarketTime": 1626811200, "volume24Hr": null, "regularMarketDayHigh": 1.25, "shortName": "Emerson Radio Corporation", "averageDailyVolume10Day": 939333, "longName": "Emerson Radio Corp.", "regularMarketChange": -0.00999999, "currencySymbol": "$", "regularMarketPreviousClose": 1.24, "postMarketTime": 1626819535, "preMarketPrice": null, "exchangeDataDelayedBy": 0, "toCurrency": null, "postMarketChange": 0.049999952, "postMarketPrice": 1.28, "exchangeName": "NYSE American", "preMarketChange": null, "circulatingSupply": null, "regularMarketDayLow": 1.22, "priceHint": 4, "currency": "USD", "regularMarketPrice": 1.23, "regularMarketVolume": 109037, "lastMarket": null, "regularMarketSource": "DELAYED", "openInterest": null, "marketState": "PREPRE", "underlyingSymbol": null, "marketCap": 25882522, "quoteType": "EQUITY", "volumeAllCurrencies": null, "postMarketSource": "DELAYED", "strikePrice": null, "symbol": "MSN", "postMarketChangePercent": 0.040650368, "preMarketSource": "DELAYED", "maxAge": 1, "fromCurrency": null, "regularMarketChangePercent": -0.008064508}, "financialData": {"ebitdaMargins": -0.5632, "profitMargins": -0.53405, "grossMargins": 0.22780001, "operatingCashflow": -4293000, "revenueGrowth": 0.344, "operatingMargins": -0.56347, "ebitda": -4193000, "targetLowPrice": null, "recommendationKey": "none", "grossProfits": 1696000, "freeCashflow": -2504250, "targetMedianPrice": null, "currentPrice": 1.23, "earningsGrowth": null, "currentRatio": 21.87, "returnOnAssets": -0.07303, "numberOfAnalystOpinions": null, "targetMeanPrice": null, "debtToEquity": 1.452, "returnOnEquity": -0.12259, "targetHighPrice": null, "totalCash": 30290000, "totalDebt": 442000, "totalRevenue": 7445000, "totalCashPerShare": 1.439, "financialCurrency": "USD", "maxAge": 86400, "revenuePerShare": 0.354, "quickRatio": 20.17, "recommendationMean": null}, "quoteType": {"exchange": "ASE", "shortName": "Emerson Radio Corporation", "longName": "Emerson Radio Corp.", "exchangeTimezoneName": "America/New_York", "exchangeTimezoneShortName": "EDT", "isEsgPopulated": false, "gmtOffSetMilliseconds": "-14400000", "quoteType": "EQUITY", "symbol": "MSN", "messageBoardId": "finmb_337429", "market": "us_market"}, "calendarEvents": {"maxAge": 1, "earnings": {"earningsDate": [1628726400, 1629072000], "earningsAverage": null, "earningsLow": null, "earningsHigh": null, "revenueAverage": null, "revenueLow": null, "revenueHigh": null}, "exDividendDate": 1410307200, "dividendDate": 1412035200}, "summaryDetail": {"previousClose": 1.24, "regularMarketOpen": 1.24, "twoHundredDayAverage": 1.3097794, "trailingAnnualDividendYield": null, "payoutRatio": 0, "volume24Hr": null, "regularMarketDayHigh": 1.25, "navPrice": null, "averageDailyVolume10Day": 939333, "totalAssets": null, "regularMarketPreviousClose": 1.24, "fiftyDayAverage": 1.2452941, "trailingAnnualDividendRate": null, "open": 1.24, "toCurrency": null, "averageVolume10days": 939333, "expireDate": null, "yield": null, "algorithm": null, "dividendRate": null, "exDividendDate": 1410307200, "beta": 0.31828, "circulatingSupply": null, "startDate": null, "regularMarketDayLow": 1.22, "priceHint": 4, "currency": "USD", "regularMarketVolume": 109037, "lastMarket": null, "maxSupply": null, "openInterest": null, "marketCap": 25882522, "volumeAllCurrencies": null, "strikePrice": null, "averageVolume": 246325, "priceToSalesTrailing12Months": 3.4764972, "dayLow": 1.22, "ask": 0, "ytdReturn": null, "askSize": 1400, "volume": 109037, "fiftyTwoWeekHigh": 2.6, "forwardPE": 0.30221128, "maxAge": 1, "fromCurrency": null, "fiveYearAvgDividendYield": null, "fiftyTwoWeekLow": 0.66, "bid": 0, "tradeable": false, "dividendYield": null, "bidSize": 1000, "dayHigh": 1.25}, "symbol": "MSN", "esgScores": null, "upgradeDowngradeHistory": null, "pageViews": {"shortTermTrend": "UP", "midTermTrend": "UP", "longTermTrend": "UP", "maxAge": 1}}, "NYXO": {"defaultKeyStatistics": {"annualHoldingsTurnover": null, "enterpriseToRevenue": 54.297, "beta3Year": null, "profitMargins": 0, "enterpriseToEbitda": -0.052, "52WeekChange": null, "morningStarRiskRating": null, "forwardEps": null, "revenueQuarterlyGrowth": null, "sharesOutstanding": 2415450, "fundInceptionDate": null, "annualReportExpenseRatio": null, "totalAssets": null, "bookValue": -0.649, "sharesShort": null, "sharesPercentSharesOut": null, "fundFamily": null, "lastFiscalYearEnd": 1388448000, "heldPercentInstitutions": 0, "netIncomeToCommon": -6374821, "trailingEps": -8.068, "lastDividendValue": null, "SandP52WeekChange": null, "priceToBook": null, "heldPercentInsiders": 0, "nextFiscalYearEnd": 1451520000, "yield": null, "mostRecentQuarter": 1412035200, "shortRatio": null, "sharesShortPreviousMonthDate": null, "floatShares": null, "beta": 1.291304, "enterpriseValue": 308190, "priceHint": 4, "threeYearAverageReturn": null, "lastSplitDate": 1416873600, "lastSplitFactor": "1:2000", "legalType": null, "morningStarOverallRating": null, "earningsQuarterlyGrowth": null, "priceToSalesTrailing12Months": null, "dateShortInterest": null, "pegRatio": null, "ytdReturn": null, "forwardPE": null, "maxAge": 1, "lastCapGain": null, "shortPercentOfFloat": null, "sharesShortPriorMonth": null, "category": null, "fiveYearAverageReturn": null}, "details": null, "summaryProfile": {"zip": "97201", "sector": "Technology", "fullTimeEmployees": 5, "longBusinessSummary": "Nyxio Technologies Corporation develops and distributes various products for consumer electronics market. The company's principal product is the VioSphere Genius TV, an integrated television (TV) with a built-in personal computer (PC). It also provides Venture Mobile Media Viewer, a class of personal, portable video eyewear that allow consumers to watch movies, listen to music, and other content hands-free with a cinematic view; and Vuzion, a smart HD TV with android OS, which offers HDMI, VGA, USB, Web browsing, stored personal content, and gaming. In addition, the company offers Realm all-in-one personal computer (PC)/TV that combines PC technology with HDTV; and Ascend smart keyboard, which houses PC within the keyboard. Further, it provides Omega, a line of tablet PCs, as well as related accessories. The company was founded in 2007 and is headquartered in Portland, Oregon.", "city": "Portland", "phone": "800-398-4132", "state": "OR", "country": "United States", "companyOfficers": [], "website": "http://www.nyxio.com", "maxAge": 86400, "address1": "1330 SW 3rd Avenue", "industry": "Consumer Electronics"}, "recommendationTrend": null, "financialsTemplate": {"code": "M", "maxAge": 1}, "earnings": null, "price": {"quoteSourceName": "Delayed Quote", "regularMarketOpen": 0.0002, "averageDailyVolume3Month": 3630005, "exchange": "PNK", "regularMarketTime": 1626809532, "volume24Hr": null, "regularMarketDayHigh": 0.0002, "shortName": "NYXIO TECHNOLOGIES CORPORATION", "averageDailyVolume10Day": 3348480, "longName": "Nyxio Technologies Corporation", "regularMarketChange": 0, "currencySymbol": "$", "regularMarketPreviousClose": 0.0001, "preMarketPrice": null, "exchangeDataDelayedBy": 0, "toCurrency": null, "postMarketChange": null, "postMarketPrice": null, "exchangeName": "Other OTC", "preMarketChange": null, "circulatingSupply": null, "regularMarketDayLow": 0.0001, "priceHint": 4, "currency": "USD", "regularMarketPrice": 0.0001, "regularMarketVolume": 1100374, "lastMarket": null, "regularMarketSource": "DELAYED", "openInterest": null, "marketState": "PREPRE", "underlyingSymbol": null, "marketCap": 241, "quoteType": "EQUITY", "volumeAllCurrencies": null, "strikePrice": null, "symbol": "NYXO", "maxAge": 1, "fromCurrency": null, "regularMarketChangePercent": 0}, "financialData": {"ebitdaMargins": 0, "profitMargins": 0, "grossMargins": 0.50158, "operatingCashflow": -2292322, "revenueGrowth": null, "operatingMargins": -1040.2607, "ebitda": -5894340, "targetLowPrice": null, "recommendationKey": "none", "grossProfits": 4620, "freeCashflow": 2037709, "targetMedianPrice": null, "currentPrice": 0.0001, "earningsGrowth": null, "currentRatio": 0.014, "returnOnAssets": -155.7362, "numberOfAnalystOpinions": null, "targetMeanPrice": null, "debtToEquity": null, "returnOnEquity": null, "targetHighPrice": null, "totalCash": 3377, "totalDebt": 311083, "totalRevenue": 5676, "totalCashPerShare": 0.001, "financialCurrency": "USD", "maxAge": 86400, "revenuePerShare": 0.007, "quickRatio": 0.002, "recommendationMean": null}, "quoteType": {"exchange": "PNK", "shortName": "NYXIO TECHNOLOGIES CORPORATION", "longName": "Nyxio Technologies Corporation", "exchangeTimezoneName": "America/New_York", "exchangeTimezoneShortName": "EDT", "isEsgPopulated": false, "gmtOffSetMilliseconds": "-14400000", "quoteType": "EQUITY", "symbol": "NYXO", "messageBoardId": "finmb_133695934", "market": "us_market"}, "calendarEvents": {"maxAge": 1, "earnings": {"earningsDate": [], "earningsAverage": null, "earningsLow": null, "earningsHigh": null, "revenueAverage": null, "revenueLow": null, "revenueHigh": null}, "exDividendDate": null, "dividendDate": null}, "summaryDetail": {"previousClose": 0.0001, "regularMarketOpen": 0.0002, "twoHundredDayAverage": 0.0004553521, "trailingAnnualDividendYield": null, "payoutRatio": 0, "volume24Hr": null, "regularMarketDayHigh": 0.0002, "navPrice": null, "averageDailyVolume10Day": 3348480, "totalAssets": null, "regularMarketPreviousClose": 0.0001, "fiftyDayAverage": 0.0002111111, "trailingAnnualDividendRate": null, "open": 0.0002, "toCurrency": null, "averageVolume10days": 3348480, "expireDate": null, "yield": null, "algorithm": null, "dividendRate": null, "exDividendDate": null, "beta": 1.255168, "circulatingSupply": null, "startDate": null, "regularMarketDayLow": 0.0001, "priceHint": 4, "currency": "USD", "regularMarketVolume": 1100374, "lastMarket": null, "maxSupply": null, "openInterest": null, "marketCap": 241, "volumeAllCurrencies": null, "strikePrice": null, "averageVolume": 3630005, "priceToSalesTrailing12Months": 0.042459477, "dayLow": 0.0001, "ask": 0, "ytdReturn": null, "askSize": 0, "volume": 1100374, "fiftyTwoWeekHigh": 0.0035, "forwardPE": null, "maxAge": 1, "fromCurrency": null, "fiveYearAvgDividendYield": null, "fiftyTwoWeekLow": 1e-05, "bid": 0, "tradeable": false, "dividendYield": null, "bidSize": 0, "dayHigh": 0.0002}, "symbol": "NYXO", "esgScores": null, "upgradeDowngradeHistory": {"history": [], "maxAge": 86400}, "pageViews": null}, "ROFO": {"defaultKeyStatistics": {"annualHoldingsTurnover": null, "enterpriseToRevenue": 1.22, "beta3Year": null, "profitMargins": 0.1121, "enterpriseToEbitda": 10.316, "52WeekChange": null, "morningStarRiskRating": null, "forwardEps": null, "revenueQuarterlyGrowth": null, "sharesOutstanding": 8726720, "fundInceptionDate": null, "annualReportExpenseRatio": null, "totalAssets": null, "bookValue": 0.952, "sharesShort": 135715, "sharesPercentSharesOut": 0.015800001, "fundFamily": null, "lastFiscalYearEnd": 1325289600, "heldPercentInstitutions": null, "netIncomeToCommon": 7613000, "trailingEps": 0.894, "lastDividendValue": null, "SandP52WeekChange": null, "priceToBook": 11.554622, "heldPercentInsiders": null, "nextFiscalYearEnd": 1388448000, "yield": null, "mostRecentQuarter": 1348963200, "shortRatio": 1.38, "sharesShortPreviousMonthDate": 1247616000, "floatShares": null, "beta": 0.244021, "enterpriseValue": 82860496, "priceHint": 2, "threeYearAverageReturn": null, "lastSplitDate": 1493596800, "lastSplitFactor": "1051:1000", "legalType": null, "morningStarOverallRating": null, "earningsQuarterlyGrowth": 0.2, "priceToSalesTrailing12Months": null, "dateShortInterest": 1250208000, "pegRatio": null, "ytdReturn": null, "forwardPE": null, "maxAge": 1, "lastCapGain": null, "shortPercentOfFloat": null, "sharesShortPriorMonth": 136110, "category": null, "fiveYearAverageReturn": null}, "details": null, "summaryProfile": {"zip": "85281", "sector": "Technology", "longBusinessSummary": "Rockford Corporation manufactures, markets, and distributes audio and security systems for the mobile audio aftermarket and OEM market in the United States. It distributes its products under the brand names of Rockford Fosgate, Rockford Acoustic Design, Lightning Audio, Crimestopper, Blaupunkt, Brax, Helix, and Renegade. The company was founded in 1980 and is headquartered in Tempe, Arizona.", "city": "Tempe", "phone": "480-967-3565", "state": "AZ", "country": "United States", "companyOfficers": [], "website": "http://www.rockfordcorp.com", "maxAge": 86400, "address1": "600 South Rockford Drive", "fax": "480-966-3983", "industry": "Consumer Electronics"}, "recommendationTrend": {"trend": [{"period": "0m", "strongBuy": 0, "buy": 0, "hold": 0, "sell": 0, "strongSell": 0}, {"period": "-1m", "strongBuy": 0, "buy": 0, "hold": 0, "sell": 0, "strongSell": 0}, {"period": "-2m", "strongBuy": 0, "buy": 0, "hold": 0, "sell": 0, "strongSell": 0}, {"period": "-3m", "strongBuy": 0, "buy": 0, "hold": 0, "sell": 0, "strongSell": 0}], "maxAge": 86400}, "financialsTemplate": null, "earnings": {"maxAge": 86400, "earningsChart": {"quarterly": [], "earningsDate": []}, "financialsChart": {"yearly": [{"date": 2008, "revenue": 68874000, "earnings": -4475000}, {"date": 2009, "revenue": 52975000, "earnings": -750000}, {"date": 2010, "revenue": 54231000, "earnings": 2713000}, {"date": 2011, "revenue": 60847000, "earnings": 5321000}], "quarterly": [{"date": "4Q2011", "revenue": 13039000, "earnings": 1109000}, {"date": "1Q2012", "revenue": 20535000, "earnings": 2970000}, {"date": "2Q2012", "revenue": 19048000, "earnings": 2144000}, {"date": "3Q2012", "revenue": 15292000, "earnings": 1390000}]}, "financialCurrency": "USD"}, "price": {"quoteSourceName": "Delayed Quote", "regularMarketOpen": 11.25, "averageDailyVolume3Month": 62, "exchange": "PNK", "regularMarketTime": 1626811137, "volume24Hr": null, "regularMarketDayHigh": 11.25, "shortName": "ROCKFORD CORP", "averageDailyVolume10Day": 100, "longName": "Rockford Corporation", "regularMarketChange": 0, "currencySymbol": "$", "regularMarketPreviousClose": 11, "preMarketPrice": null, "exchangeDataDelayedBy": 0, "postMarketChange": null, "postMarketPrice": null, "exchangeName": "Other OTC", "preMarketChange": null, "circulatingSupply": null, "regularMarketDayLow": 11, "priceHint": 2, "currency": "USD", "regularMarketPrice": 11, "regularMarketVolume": 650, "lastMarket": null, "regularMarketSource": "DELAYED", "openInterest": null, "marketState": "PREPRE", "underlyingSymbol": null, "marketCap": 95993920, "quoteType": "EQUITY", "volumeAllCurrencies": null, "strikePrice": null, "symbol": "ROFO", "maxAge": 1, "fromCurrency": null, "regularMarketChangePercent": 0}, "financialData": {"ebitdaMargins": 0.11826, "profitMargins": 0.1121, "grossMargins": 0.38544, "operatingCashflow": null, "revenueGrowth": 0.074, "operatingMargins": 0.10619, "ebitda": 8032000, "targetLowPrice": 0, "recommendationKey": "none", "grossProfits": 23626000, "freeCashflow": null, "targetMedianPrice": 0, "currentPrice": 11, "earningsGrowth": 0.308, "currentRatio": 1.345, "returnOnAssets": 0.21282, "numberOfAnalystOpinions": 0, "targetMeanPrice": 0, "debtToEquity": 88.995, "returnOnEquity": 0.87031, "targetHighPrice": 0, "totalCash": null, "totalDebt": 6162000, "totalRevenue": 67915000, "totalCashPerShare": null, "financialCurrency": "USD", "maxAge": 86400, "revenuePerShare": 8.913, "quickRatio": 0.723, "recommendationMean": null}, "quoteType": {"exchange": "PNK", "shortName": "ROCKFORD CORP", "longName": "Rockford Corporation", "exchangeTimezoneName": "America/New_York", "exchangeTimezoneShortName": "EDT", "isEsgPopulated": false, "gmtOffSetMilliseconds": "-14400000", "underlyingSymbol": null, "quoteType": "EQUITY", "symbol": "ROFO", "underlyingExchangeSymbol": null, "headSymbol": null, "messageBoardId": "finmb_412118", "uuid": "1cac2027-e50d-3703-a48d-5367a4a8ca12", "market": "us_market"}, "calendarEvents": {"maxAge": 1, "earnings": {"earningsDate": [], "earningsAverage": null, "earningsLow": null, "earningsHigh": null, "revenueAverage": null, "revenueLow": null, "revenueHigh": null}, "exDividendDate": 1620259200, "dividendDate": 1623110400}, "summaryDetail": {"previousClose": 11, "regularMarketOpen": 11.25, "twoHundredDayAverage": 10.206518, "trailingAnnualDividendYield": null, "payoutRatio": 0, "volume24Hr": null, "regularMarketDayHigh": 11.25, "navPrice": null, "averageDailyVolume10Day": 100, "totalAssets": null, "regularMarketPreviousClose": 11, "fiftyDayAverage": 11.0330305, "trailingAnnualDividendRate": null, "open": 11.25, "averageVolume10days": 100, "expireDate": null, "yield": null, "algorithm": null, "dividendRate": null, "exDividendDate": 1620259200, "beta": 0.244021, "circulatingSupply": null, "startDate": null, "regularMarketDayLow": 11, "priceHint": 2, "currency": "USD", "trailingPE": 12.304251, "regularMarketVolume": 650, "lastMarket": null, "maxSupply": null, "openInterest": null, "marketCap": 95993920, "volumeAllCurrencies": null, "strikePrice": null, "averageVolume": 62, "priceToSalesTrailing12Months": 1.4134421, "dayLow": 11, "ask": 0, "ytdReturn": null, "askSize": 0, "volume": 650, "fiftyTwoWeekHigh": 15, "forwardPE": null, "maxAge": 1, "fromCurrency": null, "fiveYearAvgDividendYield": null, "fiftyTwoWeekLow": 8.25, "bid": 0, "tradeable": false, "dividendYield": null, "bidSize": 0, "dayHigh": 11.25}, "symbol": "ROFO", "esgScores": null, "upgradeDowngradeHistory": {"history": [], "maxAge": 86400}, "pageViews": null}, "SMDM": {"defaultKeyStatistics": {"annualHoldingsTurnover": null, "enterpriseToRevenue": 0.356, "beta3Year": null, "profitMargins": 0.0328, "enterpriseToEbitda": 12.4, "52WeekChange": null, "morningStarRiskRating": null, "forwardEps": null, "revenueQuarterlyGrowth": null, "sharesOutstanding": 39040700, "fundInceptionDate": null, "annualReportExpenseRatio": null, "totalAssets": null, "bookValue": 0.233, "sharesShort": 27198, "sharesPercentSharesOut": 0.0007, "fundFamily": null, "lastFiscalYearEnd": 1585612800, "heldPercentInstitutions": 0.01793, "netIncomeToCommon": 1514673, "trailingEps": 0.039, "lastDividendValue": null, "SandP52WeekChange": null, "priceToBook": 1.3304721, "heldPercentInsiders": 0.67682, "nextFiscalYearEnd": 1648684800, "yield": null, "mostRecentQuarter": 1609372800, "shortRatio": 4.43, "sharesShortPreviousMonthDate": 1242345600, "floatShares": 11404974, "beta": 1.144021, "enterpriseValue": 16424952, "priceHint": 4, "threeYearAverageReturn": null, "lastSplitDate": 1016409600, "lastSplitFactor": "3:2", "legalType": null, "morningStarOverallRating": null, "earningsQuarterlyGrowth": null, "priceToSalesTrailing12Months": null, "dateShortInterest": 1245024000, "pegRatio": null, "ytdReturn": null, "forwardPE": null, "maxAge": 1, "lastCapGain": null, "shortPercentOfFloat": 0.0019, "sharesShortPriorMonth": 26489, "category": null, "fiveYearAverageReturn": null}, "details": null, "summaryProfile": {"zip": "33309", "sector": "Technology", "longBusinessSummary": "The Singing Machine Company, Inc., together with its subsidiaries, engages in the development, production, marketing, and distribution of consumer karaoke audio equipment, toy products, accessories, music, and audio consumer electronic products. It offers classic karaoke machines that incorporate traditional karaoke features, such as CD+G playback, echo, voice control, sound enhancement, built-in monitors, A/V out connections to TV for scrolling lyrics, and microphone inputs, as well as built-in cameras, Bluetooth, and recording functions. The company also provides download karaoke machines, a line of digital karaoke machines, which includes custom proprietary software to play high-definition digital downloaded content, as well as offers various features, such as searching, playlist creation, Bluetooth, full motion videos, lead vocal, and HDMI output. In addition, it provides SMC kids toy products; and karaoke related accessories, such as microphones, music subscriptions and downloads, and other miscellaneous electronic accessories. The company primarily sells its products through mass merchandisers, department stores, direct mail catalogs and showrooms, music and record stores, national chains, specialty stores, and warehouse clubs, as well as directly. It operates in North America, Europe, Asia, Australia, South Africa, and internationally. The Singing Machine Company, Inc. was founded in 1982 and is headquartered in Fort Lauderdale, Florida.", "city": "Fort Lauderdale", "phone": "954 596 1000", "state": "FL", "country": "United States", "companyOfficers": [], "website": "http://www.singingmachine.com", "maxAge": 86400, "address1": "6301 NW 5th Way", "fax": "954 596 2000", "industry": "Consumer Electronics", "address2": "Suite 2900"}, "recommendationTrend": {"trend": [{"period": "0m", "strongBuy": 0, "buy": 0, "hold": 0, "sell": 0, "strongSell": 0}, {"period": "-1m", "strongBuy": 0, "buy": 0, "hold": 0, "sell": 0, "strongSell": 0}, {"period": "-2m", "strongBuy": 0, "buy": 0, "hold": 0, "sell": 0, "strongSell": 0}, {"period": "-3m", "strongBuy": 0, "buy": 0, "hold": 0, "sell": 0, "strongSell": 0}], "maxAge": 86400}, "financialsTemplate": null, "earnings": {"maxAge": 86400, "earningsChart": {"quarterly": [], "earningsDate": [1613952000]}, "financialsChart": {"yearly": [{"date": 2017, "revenue": 52919228, "earnings": 1706198}, {"date": 2018, "revenue": 60808050, "earnings": 152486}, {"date": 2019, "revenue": 46482998, "earnings": 631547}, {"date": 2020, "revenue": 41418304, "earnings": -2857000}], "quarterly": [{"date": "1Q2020", "revenue": 1007906, "earnings": -1853692}, {"date": "2Q2020", "revenue": 3323543, "earnings": -206804}, {"date": "3Q2020", "revenue": 22285239, "earnings": 2407874}, {"date": "4Q2020", "revenue": 16972603, "earnings": 1167295}]}, "financialCurrency": "USD"}, "price": {"quoteSourceName": "Delayed Quote", "regularMarketOpen": 0.31, "averageDailyVolume3Month": 9730, "exchange": "PNK", "regularMarketTime": 1626802294, "volume24Hr": null, "regularMarketDayHigh": 0.31, "shortName": "SINGING MACHINE CO INC", "averageDailyVolume10Day": 80040, "longName": "The Singing Machine Company, Inc.", "regularMarketChange": 0.025000006, "currencySymbol": "$", "regularMarketPreviousClose": 0.285, "preMarketPrice": null, "exchangeDataDelayedBy": 0, "postMarketChange": null, "postMarketPrice": null, "exchangeName": "Other OTC", "preMarketChange": null, "circulatingSupply": null, "regularMarketDayLow": 0.31, "priceHint": 4, "currency": "USD", "regularMarketPrice": 0.31, "regularMarketVolume": 3500, "lastMarket": null, "regularMarketSource": "DELAYED", "openInterest": null, "marketState": "PREPRE", "underlyingSymbol": null, "marketCap": 12102617, "quoteType": "EQUITY", "volumeAllCurrencies": null, "strikePrice": null, "symbol": "SMDM", "maxAge": 1, "fromCurrency": null, "regularMarketChangePercent": 0.08771933}, "financialData": {"ebitdaMargins": 0.02869, "profitMargins": 0.0328, "grossMargins": 0.32592, "operatingCashflow": -74014, "revenueGrowth": 0.225, "operatingMargins": 0.02268, "ebitda": 1324628, "targetLowPrice": 0, "recommendationKey": "none", "grossProfits": 11095081, "freeCashflow": -1906481, "targetMedianPrice": 0, "currentPrice": 0.31, "earningsGrowth": null, "currentRatio": 1.68, "returnOnAssets": 0.02823, "numberOfAnalystOpinions": 0, "targetMeanPrice": 0, "debtToEquity": 43.244, "returnOnEquity": 0.18208, "targetHighPrice": 0, "totalCash": 823373, "totalDebt": 3935430, "totalRevenue": 46175800, "totalCashPerShare": 0.021, "financialCurrency": "USD", "maxAge": 86400, "revenuePerShare": 1.195, "quickRatio": 1.189, "recommendationMean": null}, "quoteType": {"exchange": "PNK", "shortName": "SINGING MACHINE CO INC", "longName": "The Singing Machine Company, Inc.", "exchangeTimezoneName": "America/New_York", "exchangeTimezoneShortName": "EDT", "isEsgPopulated": false, "gmtOffSetMilliseconds": "-14400000", "underlyingSymbol": null, "quoteType": "EQUITY", "symbol": "SMDM", "underlyingExchangeSymbol": null, "headSymbol": null, "messageBoardId": "finmb_386744", "uuid": "a1e0de58-9540-3c8a-bd21-53c75a8ae6e5", "market": "us_market"}, "calendarEvents": {"maxAge": 1, "earnings": {"earningsDate": [1613952000], "earningsAverage": null, "earningsLow": null, "earningsHigh": null, "revenueAverage": null, "revenueLow": null, "revenueHigh": null}, "exDividendDate": null, "dividendDate": null}, "summaryDetail": {"previousClose": 0.285, "regularMarketOpen": 0.31, "twoHundredDayAverage": 0.3974074, "trailingAnnualDividendYield": null, "payoutRatio": 0, "volume24Hr": null, "regularMarketDayHigh": 0.31, "navPrice": null, "averageDailyVolume10Day": 80040, "totalAssets": null, "regularMarketPreviousClose": 0.285, "fiftyDayAverage": 0.35969698, "trailingAnnualDividendRate": null, "open": 0.31, "averageVolume10days": 80040, "expireDate": null, "yield": null, "algorithm": null, "dividendRate": null, "exDividendDate": null, "beta": 1.144021, "circulatingSupply": null, "startDate": null, "regularMarketDayLow": 0.31, "priceHint": 4, "currency": "USD", "trailingPE": 7.948718, "regularMarketVolume": 3500, "lastMarket": null, "maxSupply": null, "openInterest": null, "marketCap": 12102617, "volumeAllCurrencies": null, "strikePrice": null, "averageVolume": 9730, "priceToSalesTrailing12Months": 0.2620987, "dayLow": 0.31, "ask": null, "ytdReturn": null, "askSize": null, "volume": 3500, "fiftyTwoWeekHigh": 0.5, "forwardPE": null, "maxAge": 1, "fromCurrency": null, "fiveYearAvgDividendYield": null, "fiftyTwoWeekLow": 0.17, "bid": null, "tradeable": false, "dividendYield": null, "bidSize": null, "dayHigh": 0.31}, "symbol": "SMDM", "esgScores": null, "upgradeDowngradeHistory": {"history": [], "maxAge": 86400}, "pageViews": null}, "SONO": {"defaultKeyStatistics": {"annualHoldingsTurnover": null, "enterpriseToRevenue": 2.912, "beta3Year": null, "profitMargins": 0.02937, "enterpriseToEbitda": 39.838, "52WeekChange": null, "morningStarRiskRating": null, "forwardEps": 1, "revenueQuarterlyGrowth": null, "sharesOutstanding": 119740000, "fundInceptionDate": null, "annualReportExpenseRatio": null, "totalAssets": null, "bookValue": 4.283, "sharesShort": 7406698, "sharesPercentSharesOut": 0.0619, "fundFamily": null, "lastFiscalYearEnd": 1601683200, "heldPercentInstitutions": 0.74521005, "netIncomeToCommon": 41402000, "trailingEps": 0.361, "lastDividendValue": null, "SandP52WeekChange": null, "priceToBook": 7.6605186, "heldPercentInsiders": 0.0152, "nextFiscalYearEnd": 1664755200, "yield": null, "mostRecentQuarter": 1609545600, "shortRatio": 2.71, "sharesShortPreviousMonthDate": 1615766400, "floatShares": 118138143, "beta": 1.918893, "enterpriseValue": 4105994496, "priceHint": 2, "threeYearAverageReturn": null, "lastSplitDate": null, "lastSplitFactor": null, "legalType": null, "morningStarOverallRating": null, "earningsQuarterlyGrowth": 0.869, "priceToSalesTrailing12Months": null, "dateShortInterest": 1618444800, "pegRatio": 1.69, "ytdReturn": null, "forwardPE": 33.141415, "maxAge": 1, "lastCapGain": null, "shortPercentOfFloat": 0.0622, "sharesShortPriorMonth": 6988770, "category": null, "fiveYearAverageReturn": null}, "details": null, "summaryProfile": {"zip": "93103", "sector": "Technology", "fullTimeEmployees": 1427, "longBusinessSummary": "Sonos, Inc., together with its subsidiaries, designs, develops, manufactures, and sells multi-room audio products in the Americas, Europe, the Middle East, Africa, and the Asia Pacific. The company provides wireless speakers, home theater speakers, components, and accessories. It offers its products through approximately 10,000 third-party retail stores, including custom installers of home audio systems; and e-commerce retailers, as well as through its Website sonos.com. The company was formerly known as Rincon Audio, Inc. and changed its name to Sonos, Inc. in May 2004. Sonos, Inc. was founded in 2002 and is headquartered in Santa Barbara, California.", "city": "Santa Barbara", "phone": "805 965 3001", "state": "CA", "country": "United States", "companyOfficers": [], "website": "http://www.sonos.com", "maxAge": 86400, "address1": "614 Chapala Street", "industry": "Consumer Electronics"}, "recommendationTrend": {"trend": [{"period": "0m", "strongBuy": 0, "buy": 3, "hold": 3, "sell": 0, "strongSell": 0}, {"period": "-1m", "strongBuy": 1, "buy": 3, "hold": 4, "sell": 0, "strongSell": 0}, {"period": "-2m", "strongBuy": 1, "buy": 2, "hold": 4, "sell": 0, "strongSell": 0}, {"period": "-3m", "strongBuy": 0, "buy": 0, "hold": 0, "sell": 0, "strongSell": 0}], "maxAge": 86400}, "financialsTemplate": null, "earnings": {"maxAge": 86400, "earningsChart": {"quarterly": [{"date": "2Q2020", "actual": -0.52, "estimate": -0.27}, {"date": "3Q2020", "actual": 0.15, "estimate": 0}, {"date": "4Q2020", "actual": 1.01, "estimate": 0.88}, {"date": "1Q2021", "actual": 0.12, "estimate": -0.22}], "currentQuarterEstimate": -0.17, "currentQuarterEstimateDate": "2Q", "currentQuarterEstimateYear": 2021, "earningsDate": [1627948800, 1628467200]}, "financialsChart": {"yearly": [{"date": 2017, "revenue": 992526000, "earnings": -14217000}, {"date": 2018, "revenue": 1137008000, "earnings": -15604000}, {"date": 2019, "revenue": 1260823000, "earnings": -4766000}, {"date": 2020, "revenue": 1326328000, "earnings": -20115000}], "quarterly": [{"date": "1Q2020", "revenue": 175098000, "earnings": -52320000}, {"date": "2Q2020", "revenue": 249310000, "earnings": -56980000}, {"date": "4Q2020", "revenue": 339837000, "earnings": 18411000}, {"date": "1Q2021", "revenue": 645584000, "earnings": 132292000}]}, "financialCurrency": "USD"}, "price": {"quoteSourceName": "Nasdaq Real Time Price", "regularMarketOpen": 32.23, "averageDailyVolume3Month": 2161550, "exchange": "NMS", "regularMarketTime": 1626811203, "volume24Hr": null, "regularMarketDayHigh": 33.0775, "shortName": "Sonos, Inc.", "averageDailyVolume10Day": 1480260, "longName": "Sonos, Inc.", "regularMarketChange": 0.58000183, "currencySymbol": "$", "regularMarketPreviousClose": 32.23, "postMarketTime": 1626825112, "preMarketPrice": null, "exchangeDataDelayedBy": 0, "postMarketChange": 0, "postMarketPrice": 32.81, "exchangeName": "NasdaqGS", "preMarketChange": null, "circulatingSupply": null, "regularMarketDayLow": 31.89, "priceHint": 2, "currency": "USD", "regularMarketPrice": 32.81, "regularMarketVolume": 1063809, "lastMarket": null, "regularMarketSource": "FREE_REALTIME", "openInterest": null, "marketState": "PREPRE", "underlyingSymbol": null, "marketCap": 3928669440, "quoteType": "EQUITY", "volumeAllCurrencies": null, "postMarketSource": "FREE_REALTIME", "strikePrice": null, "symbol": "SONO", "postMarketChangePercent": 0, "preMarketSource": "FREE_REALTIME", "maxAge": 1, "fromCurrency": null, "regularMarketChangePercent": 0.017995713}, "financialData": {"ebitdaMargins": 0.07311, "profitMargins": 0.02937, "grossMargins": 0.45661998, "operatingCashflow": 257659008, "revenueGrowth": 0.149, "operatingMargins": 0.048060004, "ebitda": 103066000, "targetLowPrice": 36, "recommendationKey": "buy", "grossProfits": 571956000, "freeCashflow": 229850000, "targetMedianPrice": 44, "currentPrice": 32.81, "earningsGrowth": 0.683, "currentRatio": 1.977, "returnOnAssets": 0.04364, "numberOfAnalystOpinions": 7, "targetMeanPrice": 43.57, "debtToEquity": 15.295, "returnOnEquity": 0.09436, "targetHighPrice": 49, "totalCash": 677833984, "totalDebt": 78036000, "totalRevenue": 1409828992, "totalCashPerShare": 5.661, "financialCurrency": "USD", "maxAge": 86400, "revenuePerShare": 12.648, "quickRatio": 1.742, "recommendationMean": 2.4}, "quoteType": {"exchange": "NMS", "shortName": "Sonos, Inc.", "longName": "Sonos, Inc.", "exchangeTimezoneName": "America/New_York", "exchangeTimezoneShortName": "EDT", "isEsgPopulated": false, "gmtOffSetMilliseconds": "-14400000", "underlyingSymbol": null, "quoteType": "EQUITY", "symbol": "SONO", "underlyingExchangeSymbol": null, "headSymbol": null, "messageBoardId": "finmb_10654809", "uuid": "98c419db-3a58-3f86-8eb4-a664481f7d12", "market": "us_market"}, "calendarEvents": {"maxAge": 1, "earnings": {"earningsDate": [1627948800, 1628467200], "earningsAverage": -0.17, "earningsLow": -0.27, "earningsHigh": -0.1, "revenueAverage": 313600000, "revenueLow": 301460000, "revenueHigh": 328900000}, "exDividendDate": null, "dividendDate": null}, "summaryDetail": {"previousClose": 32.23, "regularMarketOpen": 32.23, "twoHundredDayAverage": 35.52163, "trailingAnnualDividendYield": null, "payoutRatio": 0, "volume24Hr": null, "regularMarketDayHigh": 33.0775, "navPrice": null, "averageDailyVolume10Day": 1480260, "totalAssets": null, "regularMarketPreviousClose": 32.23, "fiftyDayAverage": 34.798786, "trailingAnnualDividendRate": null, "open": 32.23, "averageVolume10days": 1480260, "expireDate": null, "yield": null, "algorithm": null, "dividendRate": null, "exDividendDate": null, "beta": 1.918893, "circulatingSupply": null, "startDate": null, "regularMarketDayLow": 31.89, "priceHint": 2, "currency": "USD", "trailingPE": 90.88643, "regularMarketVolume": 1063809, "lastMarket": null, "maxSupply": null, "openInterest": null, "marketCap": 3928669440, "volumeAllCurrencies": null, "strikePrice": null, "averageVolume": 2161550, "priceToSalesTrailing12Months": 2.7866282, "dayLow": 31.89, "ask": 0, "ytdReturn": null, "askSize": 1800, "volume": 1063809, "fiftyTwoWeekHigh": 44.72, "forwardPE": 32.81, "maxAge": 1, "fromCurrency": null, "fiveYearAvgDividendYield": null, "fiftyTwoWeekLow": 12.4, "bid": 0, "tradeable": false, "dividendYield": null, "bidSize": 900, "dayHigh": 33.0775}, "symbol": "SONO", "esgScores": null, "upgradeDowngradeHistory": {"history": [{"epochGradeDate": 1613001600, "firm": "Morgan Stanley", "toGrade": "Overweight", "fromGrade": "", "action": "main"}, {"epochGradeDate": 1612310400, "firm": "Morgan Stanley", "toGrade": "Overweight", "fromGrade": "", "action": "main"}, {"epochGradeDate": 1605744000, "firm": "Morgan Stanley", "toGrade": "Overweight", "fromGrade": "", "action": "main"}, {"epochGradeDate": 1605744000, "firm": "RBC Capital", "toGrade": "Outperform", "fromGrade": "", "action": "main"}, {"epochGradeDate": 1602720000, "firm": "B of A Securities", "toGrade": "Buy", "fromGrade": "Neutral", "action": "up"}, {"epochGradeDate": 1596672000, "firm": "Stifel", "toGrade": "Hold", "fromGrade": "", "action": "main"}, {"epochGradeDate": 1596672000, "firm": "Morgan Stanley", "toGrade": "Overweight", "fromGrade": "", "action": "main"}, {"epochGradeDate": 1595980800, "firm": "Raymond James", "toGrade": "Market Perform", "fromGrade": "Strong Buy", "action": "down"}, {"epochGradeDate": 1595289600, "firm": "B of A Securities", "toGrade": "Neutral", "fromGrade": "", "action": "main"}, {"epochGradeDate": 1591833600, "firm": "Morgan Stanley", "toGrade": "Overweight", "fromGrade": "", "action": "main"}, {"epochGradeDate": 1588809600, "firm": "B of A Securities", "toGrade": "Neutral", "fromGrade": "", "action": "reit"}, {"epochGradeDate": 1587081600, "firm": "Goldman Sachs", "toGrade": "Sell", "fromGrade": "Buy", "action": "down"}, {"epochGradeDate": 1573603200, "firm": "RBC Capital", "toGrade": "Outperform", "fromGrade": "", "action": "init"}, {"epochGradeDate": 1566172800, "firm": "Raymond James", "toGrade": "Strong Buy", "fromGrade": "Outperform", "action": "up"}, {"epochGradeDate": 1554163200, "firm": "DA Davidson", "toGrade": "Buy", "fromGrade": "", "action": "init"}, {"epochGradeDate": 1548633600, "firm": "Morgan Stanley", "toGrade": "Overweight", "fromGrade": "Equal-Weight", "action": "up"}, {"epochGradeDate": 1535328000, "firm": "Jefferies", "toGrade": "Hold", "fromGrade": "", "action": "init"}, {"epochGradeDate": 1535328000, "firm": "RBC Capital", "toGrade": "Outperform", "fromGrade": "", "action": "init"}, {"epochGradeDate": 1535328000, "firm": "Goldman Sachs", "toGrade": "Buy", "fromGrade": "", "action": "init"}, {"epochGradeDate": 1535328000, "firm": "Raymond James", "toGrade": "Outperform", "fromGrade": "", "action": "init"}, {"epochGradeDate": 1535328000, "firm": "Stifel Nicolaus", "toGrade": "Hold", "fromGrade": "", "action": "init"}, {"epochGradeDate": 1535328000, "firm": "Morgan Stanley", "toGrade": "Equal-Weight", "fromGrade": "", "action": "init"}], "maxAge": 86400}, "pageViews": {"shortTermTrend": "DOWN", "midTermTrend": "UP", "longTermTrend": "UP", "maxAge": 1}}, "SONR": {"defaultKeyStatistics": {"annualHoldingsTurnover": null, "enterpriseToRevenue": null, "beta3Year": null, "profitMargins": 0, "enterpriseToEbitda": null, "52WeekChange": null, "morningStarRiskRating": null, "forwardEps": null, "revenueQuarterlyGrowth": null, "sharesOutstanding": null, "fundInceptionDate": null, "annualReportExpenseRatio": null, "totalAssets": null, "bookValue": null, "sharesShort": null, "sharesPercentSharesOut": null, "fundFamily": null, "lastFiscalYearEnd": null, "heldPercentInstitutions": null, "netIncomeToCommon": null, "trailingEps": null, "lastDividendValue": null, "SandP52WeekChange": null, "priceToBook": null, "heldPercentInsiders": null, "nextFiscalYearEnd": null, "yield": null, "mostRecentQuarter": null, "shortRatio": null, "sharesShortPreviousMonthDate": null, "floatShares": null, "beta": null, "enterpriseValue": null, "priceHint": 4, "threeYearAverageReturn": null, "lastSplitDate": null, "lastSplitFactor": null, "legalType": null, "morningStarOverallRating": null, "earningsQuarterlyGrowth": null, "priceToSalesTrailing12Months": null, "dateShortInterest": null, "pegRatio": null, "ytdReturn": null, "forwardPE": null, "maxAge": 1, "lastCapGain": null, "shortPercentOfFloat": null, "sharesShortPriorMonth": null, "category": null, "fiveYearAverageReturn": null}, "details": null, "summaryProfile": {"zip": "33324", "sector": "Technology", "longBusinessSummary": "Sonar Radio Corp. distributes radio communication equipment and systems. The company is based in Plantation, Florida.", "city": "Plantation", "phone": "954 981 8800", "state": "FL", "country": "United States", "companyOfficers": [], "maxAge": 86400, "address1": "761-6 Coco Plum Circle", "industry": "Consumer Electronics"}, "recommendationTrend": null, "financialsTemplate": null, "earnings": null, "price": {"quoteSourceName": "Delayed Quote", "regularMarketOpen": 0.5, "averageDailyVolume3Month": 8, "exchange": "PNK", "regularMarketTime": 1622647589, "volume24Hr": null, "regularMarketDayHigh": 0.5, "shortName": "SONAR RADIO CORP", "averageDailyVolume10Day": 0, "longName": "Sonar Radio Corp.", "regularMarketChange": 0, "currencySymbol": "$", "regularMarketPreviousClose": 0.5, "preMarketPrice": null, "exchangeDataDelayedBy": 0, "postMarketChange": null, "postMarketPrice": null, "exchangeName": "Other OTC", "preMarketChange": null, "circulatingSupply": null, "regularMarketDayLow": 0.5, "priceHint": 4, "currency": "USD", "regularMarketPrice": 0.5, "regularMarketVolume": 100, "lastMarket": null, "regularMarketSource": "DELAYED", "openInterest": null, "marketState": "PREPRE", "underlyingSymbol": null, "marketCap": null, "quoteType": "EQUITY", "volumeAllCurrencies": null, "strikePrice": null, "symbol": "SONR", "maxAge": 1, "fromCurrency": null, "regularMarketChangePercent": 0}, "financialData": {"ebitdaMargins": 0, "profitMargins": 0, "grossMargins": 0, "operatingCashflow": null, "revenueGrowth": null, "operatingMargins": 0, "ebitda": null, "targetLowPrice": null, "recommendationKey": "none", "grossProfits": null, "freeCashflow": null, "targetMedianPrice": null, "currentPrice": 0.5, "earningsGrowth": null, "currentRatio": null, "returnOnAssets": null, "numberOfAnalystOpinions": null, "targetMeanPrice": null, "debtToEquity": null, "returnOnEquity": null, "targetHighPrice": null, "totalCash": null, "totalDebt": null, "totalRevenue": null, "totalCashPerShare": null, "financialCurrency": null, "maxAge": 86400, "revenuePerShare": null, "quickRatio": null, "recommendationMean": null}, "quoteType": {"exchange": "PNK", "shortName": "SONAR RADIO CORP", "longName": "Sonar Radio Corp.", "exchangeTimezoneName": "America/New_York", "exchangeTimezoneShortName": "EDT", "isEsgPopulated": false, "gmtOffSetMilliseconds": "-14400000", "underlyingSymbol": null, "quoteType": "EQUITY", "symbol": "SONR", "underlyingExchangeSymbol": null, "headSymbol": null, "messageBoardId": "finmb_3181749", "uuid": "7e622a9d-2c96-3d66-a033-916569347dea", "market": "us_market"}, "calendarEvents": {"maxAge": 1, "earnings": {"earningsDate": [], "earningsAverage": null, "earningsLow": null, "earningsHigh": null, "revenueAverage": null, "revenueLow": null, "revenueHigh": null}, "exDividendDate": null, "dividendDate": null}, "summaryDetail": {"previousClose": 0.5, "regularMarketOpen": 0.5, "twoHundredDayAverage": 1.6006666, "trailingAnnualDividendYield": null, "payoutRatio": null, "volume24Hr": null, "regularMarketDayHigh": 0.5, "navPrice": null, "averageDailyVolume10Day": 0, "totalAssets": null, "regularMarketPreviousClose": 0.5, "fiftyDayAverage": 0.530303, "trailingAnnualDividendRate": null, "open": 0.5, "averageVolume10days": 0, "expireDate": null, "yield": null, "algorithm": null, "dividendRate": null, "exDividendDate": null, "beta": null, "circulatingSupply": null, "startDate": null, "regularMarketDayLow": 0.5, "priceHint": 4, "currency": "USD", "regularMarketVolume": 100, "lastMarket": null, "maxSupply": null, "openInterest": null, "marketCap": null, "volumeAllCurrencies": null, "strikePrice": null, "averageVolume": 8, "priceToSalesTrailing12Months": null, "dayLow": 0.5, "ask": null, "ytdReturn": null, "askSize": null, "volume": 100, "fiftyTwoWeekHigh": 5, "forwardPE": null, "maxAge": 1, "fromCurrency": null, "fiveYearAvgDividendYield": null, "fiftyTwoWeekLow": 0.5, "bid": null, "tradeable": false, "dividendYield": null, "bidSize": null, "dayHigh": 0.5}, "symbol": "SONR", "esgScores": null, "upgradeDowngradeHistory": {"history": [], "maxAge": 86400}, "pageViews": null}, "SQFL": {"defaultKeyStatistics": {"annualHoldingsTurnover": null, "enterpriseToRevenue": 35.478, "beta3Year": null, "profitMargins": -1.88883, "enterpriseToEbitda": -30.102, "52WeekChange": null, "morningStarRiskRating": null, "forwardEps": null, "revenueQuarterlyGrowth": null, "sharesOutstanding": 55094500, "fundInceptionDate": null, "annualReportExpenseRatio": null, "totalAssets": null, "bookValue": null, "sharesShort": null, "sharesPercentSharesOut": null, "fundFamily": null, "lastFiscalYearEnd": 1514678400, "heldPercentInstitutions": 0, "netIncomeToCommon": -14310399, "trailingEps": null, "lastDividendValue": null, "SandP52WeekChange": null, "priceToBook": null, "heldPercentInsiders": 0, "nextFiscalYearEnd": 1577750400, "yield": null, "mostRecentQuarter": 1538265600, "shortRatio": null, "sharesShortPreviousMonthDate": null, "floatShares": 20447231, "beta": -0.236335, "enterpriseValue": 268792096, "priceHint": 4, "threeYearAverageReturn": null, "lastSplitDate": null, "lastSplitFactor": null, "legalType": null, "morningStarOverallRating": null, "earningsQuarterlyGrowth": null, "priceToSalesTrailing12Months": null, "dateShortInterest": null, "pegRatio": null, "ytdReturn": null, "forwardPE": null, "maxAge": 1, "lastCapGain": null, "shortPercentOfFloat": null, "sharesShortPriorMonth": null, "category": null, "fiveYearAverageReturn": null}, "details": null, "summaryProfile": {"zip": "30022", "sector": "Technology", "fullTimeEmployees": 19, "longBusinessSummary": "SQL Technologies Corp. manufactures and sells ceiling fans and lighting fixtures to large retailers under the General Electric brand through retail and online sales. The company was formerly known as Safety Quick Lighting & Fans Corp. and changed its name to SQL Technologies Corp. in August 2016. SQL Technologies Corp. was founded in 2004 and is based in Alpharetta, Georgia.", "city": "Alpharetta", "phone": "770-754-4711", "state": "GA", "country": "United States", "companyOfficers": [], "website": "http://www.safetyquicklight.com", "maxAge": 86400, "address1": "4400 North Point Parkway", "industry": "Consumer Electronics", "address2": "Suite 265"}, "recommendationTrend": null, "financialsTemplate": null, "earnings": null, "price": {"quoteSourceName": "Delayed Quote", "regularMarketOpen": 1.25, "averageDailyVolume3Month": 4, "exchange": "PNK", "regularMarketTime": 1626365077, "volume24Hr": null, "regularMarketDayHigh": 1.26, "shortName": "SQL TECHNOLOGIES CORP", "averageDailyVolume10Day": 50, "longName": "SQL Technologies Corp.", "regularMarketChange": 0, "currencySymbol": "$", "regularMarketPreviousClose": 1.26, "preMarketPrice": null, "exchangeDataDelayedBy": 0, "postMarketChange": null, "postMarketPrice": null, "exchangeName": "Other OTC", "preMarketChange": null, "circulatingSupply": null, "regularMarketDayLow": 1.26, "priceHint": 4, "currency": "USD", "regularMarketPrice": 1.26, "regularMarketVolume": 10, "lastMarket": null, "regularMarketSource": "DELAYED", "openInterest": null, "marketState": "PREPRE", "underlyingSymbol": null, "marketCap": 69419072, "quoteType": "EQUITY", "volumeAllCurrencies": null, "strikePrice": null, "symbol": "SQFL", "maxAge": 1, "fromCurrency": null, "regularMarketChangePercent": 0}, "financialData": {"ebitdaMargins": -1.17859, "profitMargins": -1.88883, "grossMargins": 0.15063, "operatingCashflow": -8840281, "revenueGrowth": -0.285, "operatingMargins": -1.44786, "ebitda": -8929414, "targetLowPrice": null, "recommendationKey": "none", "grossProfits": 1321220, "freeCashflow": -14018069, "targetMedianPrice": null, "currentPrice": 1.26, "earningsGrowth": null, "currentRatio": 0.243, "returnOnAssets": -0.66894996, "numberOfAnalystOpinions": null, "targetMeanPrice": null, "debtToEquity": null, "returnOnEquity": null, "targetHighPrice": null, "totalCash": 3149362, "totalDebt": 5845245, "totalRevenue": 7576317, "totalCashPerShare": 0.057, "financialCurrency": "USD", "maxAge": 86400, "revenuePerShare": 0.144, "quickRatio": 0.151, "recommendationMean": null}, "quoteType": {"exchange": "PNK", "shortName": "SQL TECHNOLOGIES CORP", "longName": "SQL Technologies Corp.", "exchangeTimezoneName": "America/New_York", "exchangeTimezoneShortName": "EDT", "isEsgPopulated": false, "gmtOffSetMilliseconds": "-14400000", "underlyingSymbol": null, "quoteType": "EQUITY", "symbol": "SQFL", "underlyingExchangeSymbol": null, "headSymbol": null, "messageBoardId": "finmb_252085068", "uuid": "2272d8ad-96b5-3d23-a2b2-4dc40787e341", "market": "us_market"}, "calendarEvents": {"maxAge": 1, "earnings": {"earningsDate": [], "earningsAverage": null, "earningsLow": null, "earningsHigh": null, "revenueAverage": null, "revenueLow": null, "revenueHigh": null}, "exDividendDate": null, "dividendDate": null}, "summaryDetail": {"previousClose": 1.26, "regularMarketOpen": 1.25, "twoHundredDayAverage": 3.283662, "trailingAnnualDividendYield": null, "payoutRatio": 0, "volume24Hr": null, "regularMarketDayHigh": 1.26, "navPrice": null, "averageDailyVolume10Day": 50, "totalAssets": null, "regularMarketPreviousClose": 1.26, "fiftyDayAverage": 3.7716668, "trailingAnnualDividendRate": null, "open": 1.25, "averageVolume10days": 50, "expireDate": null, "yield": null, "algorithm": null, "dividendRate": null, "exDividendDate": null, "beta": -0.236335, "circulatingSupply": null, "startDate": null, "regularMarketDayLow": 1.26, "priceHint": 4, "currency": "USD", "regularMarketVolume": 10, "lastMarket": null, "maxSupply": null, "openInterest": null, "marketCap": 69419072, "volumeAllCurrencies": null, "strikePrice": null, "averageVolume": 4, "priceToSalesTrailing12Months": 9.162641, "dayLow": 1.26, "ask": null, "ytdReturn": null, "askSize": null, "volume": 10, "fiftyTwoWeekHigh": 4, "forwardPE": null, "maxAge": 1, "fromCurrency": null, "fiveYearAvgDividendYield": null, "fiftyTwoWeekLow": 1.25, "bid": null, "tradeable": false, "dividendYield": null, "bidSize": null, "dayHigh": 1.26}, "symbol": "SQFL", "esgScores": null, "upgradeDowngradeHistory": {"history": [], "maxAge": 86400}, "pageViews": null}, "TKLS": {"defaultKeyStatistics": {"annualHoldingsTurnover": null, "enterpriseToRevenue": 7.473, "beta3Year": null, "profitMargins": 0, "enterpriseToEbitda": -2.267, "52WeekChange": null, "morningStarRiskRating": null, "forwardEps": null, "revenueQuarterlyGrowth": null, "sharesOutstanding": 71780000, "fundInceptionDate": null, "annualReportExpenseRatio": null, "totalAssets": null, "bookValue": -0.021, "sharesShort": null, "sharesPercentSharesOut": null, "fundFamily": null, "lastFiscalYearEnd": 1577750400, "heldPercentInstitutions": 0, "netIncomeToCommon": -10056247, "trailingEps": -0.197, "lastDividendValue": null, "SandP52WeekChange": null, "priceToBook": null, "heldPercentInsiders": 0.20695, "nextFiscalYearEnd": 1640908800, "yield": null, "mostRecentQuarter": 1601424000, "shortRatio": null, "sharesShortPreviousMonthDate": null, "floatShares": 56574819, "beta": -0.744622, "enterpriseValue": 13802386, "priceHint": 4, "threeYearAverageReturn": null, "lastSplitDate": 1287705600, "lastSplitFactor": "1:50", "legalType": null, "morningStarOverallRating": null, "earningsQuarterlyGrowth": null, "priceToSalesTrailing12Months": null, "dateShortInterest": null, "pegRatio": null, "ytdReturn": null, "forwardPE": null, "maxAge": 1, "lastCapGain": null, "shortPercentOfFloat": null, "sharesShortPriorMonth": null, "category": null, "fiveYearAverageReturn": null}, "details": null, "summaryProfile": {"zip": "85260", "sector": "Technology", "fullTimeEmployees": 6, "longBusinessSummary": "Trutankless, Inc., through its subsidiary, Bollente, Inc., researches and develops, manufactures, and distributes electric tankless water heaters in the United States. The company provides water heaters that are designed to provide hot water supply under the Trutankless name; and home.trutankless.com, a customizable online control panel that enables dashboard, residential, and commercial users to obtain real-time status reports, adjust unit temperature settings, view up water usage data, and change notification settings from anywhere. It sells its products to plumbing wholesale distributors and dealers. Trutankless, Inc. founded in 2008 and is headquartered in Scottsdale, Arizona.", "city": "Scottsdale", "phone": "480 275 7572", "state": "AZ", "country": "United States", "companyOfficers": [], "website": "http://www.trutankless.com", "maxAge": 86400, "address1": "15720 North Greenway Hayden Loop", "industry": "Consumer Electronics", "address2": "Suite 2"}, "recommendationTrend": null, "financialsTemplate": null, "earnings": null, "price": {"quoteSourceName": "Delayed Quote", "regularMarketOpen": 0.16, "averageDailyVolume3Month": 9756, "exchange": "PNK", "regularMarketTime": 1626718807, "volume24Hr": null, "regularMarketDayHigh": 0.16, "shortName": "TRUTANKLESS INC", "averageDailyVolume10Day": 38740, "longName": "Trutankless, Inc.", "regularMarketChange": 0, "currencySymbol": "$", "regularMarketPreviousClose": 0.16, "preMarketPrice": null, "exchangeDataDelayedBy": 0, "postMarketChange": null, "postMarketPrice": null, "exchangeName": "Other OTC", "preMarketChange": null, "circulatingSupply": null, "regularMarketDayLow": 0.16, "priceHint": 4, "currency": "USD", "regularMarketPrice": 0.16, "regularMarketVolume": 18176, "lastMarket": null, "regularMarketSource": "DELAYED", "openInterest": null, "marketState": "PREPRE", "underlyingSymbol": null, "marketCap": 11484800, "quoteType": "EQUITY", "volumeAllCurrencies": null, "strikePrice": null, "symbol": "TKLS", "maxAge": 1, "fromCurrency": null, "regularMarketChangePercent": 0}, "financialData": {"ebitdaMargins": 0, "profitMargins": 0, "grossMargins": 0.16996, "operatingCashflow": -1758288, "revenueGrowth": -0.185, "operatingMargins": -3.2960699, "ebitda": -6087618, "targetLowPrice": null, "recommendationKey": "none", "grossProfits": 177387, "freeCashflow": 1498915, "targetMedianPrice": null, "currentPrice": 0.16, "earningsGrowth": null, "currentRatio": 0.548, "returnOnAssets": -2.32185, "numberOfAnalystOpinions": null, "targetMeanPrice": null, "debtToEquity": null, "returnOnEquity": null, "targetHighPrice": null, "totalCash": 26685, "totalDebt": 2337088, "totalRevenue": 1847029, "totalCashPerShare": 0, "financialCurrency": "USD", "maxAge": 86400, "revenuePerShare": 0.036, "quickRatio": 0.156, "recommendationMean": null}, "quoteType": {"exchange": "PNK", "shortName": "TRUTANKLESS INC", "longName": "Trutankless, Inc.", "exchangeTimezoneName": "America/New_York", "exchangeTimezoneShortName": "EDT", "isEsgPopulated": false, "gmtOffSetMilliseconds": "-14400000", "underlyingSymbol": null, "quoteType": "EQUITY", "symbol": "TKLS", "underlyingExchangeSymbol": null, "headSymbol": null, "messageBoardId": "finmb_128308313", "uuid": "64a30d7e-49bf-312e-b755-78f470628e3b", "market": "us_market"}, "calendarEvents": {"maxAge": 1, "earnings": {"earningsDate": [1591142400], "earningsAverage": null, "earningsLow": null, "earningsHigh": null, "revenueAverage": null, "revenueLow": null, "revenueHigh": null}, "exDividendDate": null, "dividendDate": null}, "summaryDetail": {"previousClose": 0.16, "regularMarketOpen": 0.16, "twoHundredDayAverage": 0.1657037, "trailingAnnualDividendYield": null, "payoutRatio": 0, "volume24Hr": null, "regularMarketDayHigh": 0.16, "navPrice": null, "averageDailyVolume10Day": 38740, "totalAssets": null, "regularMarketPreviousClose": 0.16, "fiftyDayAverage": 0.14575757, "trailingAnnualDividendRate": null, "open": 0.16, "averageVolume10days": 38740, "expireDate": null, "yield": null, "algorithm": null, "dividendRate": null, "exDividendDate": null, "beta": -0.744622, "circulatingSupply": null, "startDate": null, "regularMarketDayLow": 0.16, "priceHint": 4, "currency": "USD", "regularMarketVolume": 18176, "lastMarket": null, "maxSupply": null, "openInterest": null, "marketCap": 11484800, "volumeAllCurrencies": null, "strikePrice": null, "averageVolume": 9756, "priceToSalesTrailing12Months": 6.2179856, "dayLow": 0.16, "ask": 0, "ytdReturn": null, "askSize": 0, "volume": 18176, "fiftyTwoWeekHigh": 0.34, "forwardPE": null, "maxAge": 1, "fromCurrency": null, "fiveYearAvgDividendYield": null, "fiftyTwoWeekLow": 0.08, "bid": 0, "tradeable": false, "dividendYield": null, "bidSize": 0, "dayHigh": 0.16}, "symbol": "TKLS", "esgScores": null, "upgradeDowngradeHistory": {"history": [], "maxAge": 86400}, "pageViews": null}, "UEIC": {"defaultKeyStatistics": {"annualHoldingsTurnover": null, "enterpriseToRevenue": 1.096, "beta3Year": null, "profitMargins": 0.06475, "enterpriseToEbitda": 10.126, "52WeekChange": null, "morningStarRiskRating": null, "forwardEps": 4.74, "revenueQuarterlyGrowth": null, "sharesOutstanding": 13764500, "fundInceptionDate": null, "annualReportExpenseRatio": null, "totalAssets": null, "bookValue": 22.553, "sharesShort": 212997, "sharesPercentSharesOut": 0.0155, "fundFamily": null, "lastFiscalYearEnd": 1609372800, "heldPercentInstitutions": 0.91804004, "netIncomeToCommon": 39719000, "trailingEps": 2.8, "lastDividendValue": null, "SandP52WeekChange": null, "priceToBook": 2.0693476, "heldPercentInsiders": 0.044439998, "nextFiscalYearEnd": 1672444800, "yield": null, "mostRecentQuarter": 1617148800, "shortRatio": 2.68, "sharesShortPreviousMonthDate": 1619740800, "floatShares": 13204717, "beta": 1.232608, "enterpriseValue": 672236800, "priceHint": 2, "threeYearAverageReturn": null, "lastSplitDate": 949363200, "lastSplitFactor": "2:1", "legalType": null, "morningStarOverallRating": null, "earningsQuarterlyGrowth": 0.196, "priceToSalesTrailing12Months": null, "dateShortInterest": 1622160000, "pegRatio": 1.01, "ytdReturn": null, "forwardPE": 9.845992, "maxAge": 1, "lastCapGain": null, "shortPercentOfFloat": 0.0232, "sharesShortPriorMonth": 210661, "category": null, "fiveYearAverageReturn": null}, "details": null, "summaryProfile": {"zip": "85254-2494", "sector": "Technology", "fullTimeEmployees": 3839, "longBusinessSummary": "Universal Electronics Inc. designs, develops, manufactures, and sells pre-programmed and universal control products, audio-video accessories, and intelligent wireless security and smart home products for consumer electronics, subscription broadcasting, security, home automation, hospitality, and climate control markets. The company offers universal radio frequency (RF) and infrared remote controls; integrated circuits on which its software and universal device control database is embedded; and software, firmware, and technology solutions that enable devices, such as televisions, set-top boxes, audio systems, smart speakers, game controllers, and smart home and other consumer electronic devices to wirelessly connect and interact with home networks, as well as interactive services to control and deliver home entertainment, smart home services, and device or system information. It also provides proprietary and standards-based RF sensors designed for residential security, safety, and automation applications; wall-mount and handheld thermostat controllers, and connected accessories for intelligent energy management systems; and AV accessories. In addition, the company licenses intellectual property comprising its patented technologies, and database of control codes. The company serves service providers, original equipment manufacturers, retailers, private label brands, as well as to distributors and dealers. It sells its products under the One For All brand in the United States, the United Kingdom, the People's Republic of China, rest of Asia, Europe, Latin America, and internationally. The company was incorporated in 1986 and is headquartered in Scottsdale, Arizona.", "city": "Scottsdale", "phone": "480 530 3000", "state": "AZ", "country": "United States", "companyOfficers": [], "website": "http://www.uei.com", "maxAge": 86400, "address1": "Scottsdale Quarter", "industry": "Consumer Electronics", "address2": "Suite H300 15147 North Scottsdale Road"}, "recommendationTrend": {"trend": [{"period": "0m", "strongBuy": 2, "buy": 2, "hold": 1, "sell": 0, "strongSell": 0}, {"period": "-1m", "strongBuy": 2, "buy": 1, "hold": 0, "sell": 0, "strongSell": 0}, {"period": "-2m", "strongBuy": 2, "buy": 1, "hold": 0, "sell": 0, "strongSell": 0}, {"period": "-3m", "strongBuy": 2, "buy": 2, "hold": 1, "sell": 0, "strongSell": 0}], "maxAge": 86400}, "financialsTemplate": null, "earnings": {"maxAge": 86400, "earningsChart": {"quarterly": [{"date": "2Q2020", "actual": 0.89, "estimate": 0.85}, {"date": "3Q2020", "actual": 0.92, "estimate": 0.91}, {"date": "4Q2020", "actual": 1.14, "estimate": 0.95}, {"date": "1Q2021", "actual": 0.89, "estimate": 0.86}], "currentQuarterEstimate": 0.92, "currentQuarterEstimateDate": "2Q", "currentQuarterEstimateYear": 2021, "earningsDate": [1620259200]}, "financialsChart": {"yearly": [{"date": 2017, "revenue": 695790000, "earnings": -10323000}, {"date": 2018, "revenue": 680241000, "earnings": 11924000}, {"date": 2019, "revenue": 753477000, "earnings": 3630000}, {"date": 2020, "revenue": 614680000, "earnings": 38572000}], "quarterly": [{"date": "2Q2020", "revenue": 153133000, "earnings": 14400000}, {"date": "3Q2020", "revenue": 153505000, "earnings": 6168000}, {"date": "4Q2020", "revenue": 156264000, "earnings": 12158000}, {"date": "1Q2021", "revenue": 150542000, "earnings": 6993000}]}, "financialCurrency": "USD"}, "price": {"quoteSourceName": "Nasdaq Real Time Price", "regularMarketOpen": 44.87, "averageDailyVolume3Month": 72503, "exchange": "NMS", "regularMarketTime": 1626811201, "volume24Hr": null, "regularMarketDayHigh": 47.07, "shortName": "Universal Electronics Inc.", "averageDailyVolume10Day": 37160, "longName": "Universal Electronics Inc.", "regularMarketChange": 2.0099983, "currencySymbol": "$", "regularMarketPreviousClose": 44.66, "postMarketTime": 1626811397, "preMarketPrice": null, "exchangeDataDelayedBy": 0, "postMarketChange": 0, "postMarketPrice": 46.67, "exchangeName": "NasdaqGS", "preMarketChange": null, "circulatingSupply": null, "regularMarketDayLow": 44.43, "priceHint": 2, "currency": "USD", "regularMarketPrice": 46.67, "regularMarketVolume": 86832, "lastMarket": null, "regularMarketSource": "FREE_REALTIME", "openInterest": null, "marketState": "PREPRE", "underlyingSymbol": null, "marketCap": 642389184, "quoteType": "EQUITY", "volumeAllCurrencies": null, "postMarketSource": "FREE_REALTIME", "strikePrice": null, "symbol": "UEIC", "postMarketChangePercent": 0, "preMarketSource": "FREE_REALTIME", "maxAge": 1, "fromCurrency": null, "regularMarketChangePercent": 0.04500668}, "financialData": {"ebitdaMargins": 0.108219996, "profitMargins": 0.06475, "grossMargins": 0.29296, "operatingCashflow": 75010000, "revenueGrowth": -0.008, "operatingMargins": 0.061669998, "ebitda": 66384000, "targetLowPrice": 66, "recommendationKey": "strong_buy", "grossProfits": 176256000, "freeCashflow": 34536000, "targetMedianPrice": 70, "currentPrice": 46.67, "earningsGrowth": 0.195, "currentRatio": 1.794, "returnOnAssets": 0.045250002, "numberOfAnalystOpinions": 4, "targetMeanPrice": 69.25, "debtToEquity": 18.392, "returnOnEquity": 0.13682, "targetHighPrice": 71, "totalCash": 55363000, "totalDebt": 57130000, "totalRevenue": 613443968, "totalCashPerShare": 4.022, "financialCurrency": "USD", "maxAge": 86400, "revenuePerShare": 44.28, "quickRatio": 1.114, "recommendationMean": 1.5}, "quoteType": {"exchange": "NMS", "shortName": "Universal Electronics Inc.", "longName": "Universal Electronics Inc.", "exchangeTimezoneName": "America/New_York", "exchangeTimezoneShortName": "EDT", "isEsgPopulated": false, "gmtOffSetMilliseconds": "-14400000", "underlyingSymbol": null, "quoteType": "EQUITY", "symbol": "UEIC", "underlyingExchangeSymbol": null, "headSymbol": null, "messageBoardId": "finmb_36038", "uuid": "0ec6b618-fd41-3884-8947-82a69faaca91", "market": "us_market"}, "calendarEvents": {"maxAge": 1, "earnings": {"earningsDate": [1620259200], "earningsAverage": 0.92, "earningsLow": 0.9, "earningsHigh": 0.93, "revenueAverage": 156330000, "revenueLow": 153010000, "revenueHigh": 157900000}, "exDividendDate": null, "dividendDate": null}, "summaryDetail": {"previousClose": 44.66, "regularMarketOpen": 44.87, "twoHundredDayAverage": 54.14126, "trailingAnnualDividendYield": null, "payoutRatio": 0, "volume24Hr": null, "regularMarketDayHigh": 47.07, "navPrice": null, "averageDailyVolume10Day": 37160, "totalAssets": null, "regularMarketPreviousClose": 44.66, "fiftyDayAverage": 48.615456, "trailingAnnualDividendRate": null, "open": 44.87, "averageVolume10days": 37160, "expireDate": null, "yield": null, "algorithm": null, "dividendRate": null, "exDividendDate": null, "beta": 1.232608, "circulatingSupply": null, "startDate": null, "regularMarketDayLow": 44.43, "priceHint": 2, "currency": "USD", "trailingPE": 16.667856, "regularMarketVolume": 86832, "lastMarket": null, "maxSupply": null, "openInterest": null, "marketCap": 642389184, "volumeAllCurrencies": null, "strikePrice": null, "averageVolume": 72503, "priceToSalesTrailing12Months": 1.0471848, "dayLow": 44.43, "ask": 0, "ytdReturn": null, "askSize": 800, "volume": 86832, "fiftyTwoWeekHigh": 65.02, "forwardPE": 9.845992, "maxAge": 1, "fromCurrency": null, "fiveYearAvgDividendYield": null, "fiftyTwoWeekLow": 35.09, "bid": 0, "tradeable": false, "dividendYield": null, "bidSize": 3200, "dayHigh": 47.07}, "symbol": "UEIC", "esgScores": null, "upgradeDowngradeHistory": {"history": [{"epochGradeDate": 1560124800, "firm": "Sidoti & Co.", "toGrade": "Buy", "fromGrade": "Neutral", "action": "up"}, {"epochGradeDate": 1559520000, "firm": "Sidoti & Co.", "toGrade": "Neutral", "fromGrade": "Buy", "action": "down"}, {"epochGradeDate": 1541721600, "firm": "B. Riley FBR", "toGrade": "Buy", "fromGrade": "Neutral", "action": "up"}, {"epochGradeDate": 1536019200, "firm": "Sidoti & Co.", "toGrade": "Neutral", "fromGrade": "Buy", "action": "down"}, {"epochGradeDate": 1525392000, "firm": "B. Riley FBR", "toGrade": "Neutral", "fromGrade": "Buy", "action": "down"}, {"epochGradeDate": 1525392000, "firm": "PiperJaffray", "toGrade": "Neutral", "fromGrade": "Overweight", "action": "down"}, {"epochGradeDate": 1493942400, "firm": "Lake Street", "toGrade": "Hold", "fromGrade": "Buy", "action": "down"}, {"epochGradeDate": 1478476800, "firm": "B. Riley FBR", "toGrade": "Buy", "fromGrade": "Neutral", "action": "up"}, {"epochGradeDate": 1471478400, "firm": "Lake Street", "toGrade": "Buy", "fromGrade": "", "action": "init"}, {"epochGradeDate": 1469145600, "firm": "Sidoti & Co.", "toGrade": "Buy", "fromGrade": "", "action": "init"}, {"epochGradeDate": 1457568000, "firm": "Sidoti & Co.", "toGrade": "Neutral", "fromGrade": "Buy", "action": "down"}, {"epochGradeDate": 1438905600, "firm": "B. Riley FBR", "toGrade": "Neutral", "fromGrade": "", "action": "main"}, {"epochGradeDate": 1401667200, "firm": "B. Riley FBR", "toGrade": "Neutral", "fromGrade": "Buy", "action": "down"}, {"epochGradeDate": 1386547200, "firm": "PiperJaffray", "toGrade": "Overweight", "fromGrade": "", "action": "init"}, {"epochGradeDate": 1376006400, "firm": "Pacific Crest", "toGrade": "Sector Perform", "fromGrade": "Outperform", "action": "down"}, {"epochGradeDate": 1343952000, "firm": "Deutsche Bank", "toGrade": "Hold", "fromGrade": "", "action": "main"}], "maxAge": 86400}, "pageViews": {"shortTermTrend": "UP", "midTermTrend": "UP", "longTermTrend": "UP", "maxAge": 1}}, "VOXX": {"defaultKeyStatistics": {"annualHoldingsTurnover": null, "enterpriseToRevenue": 0.43, "beta3Year": null, "profitMargins": 0.04749, "enterpriseToEbitda": 7.22, "52WeekChange": null, "morningStarRiskRating": null, "forwardEps": 0.15, "revenueQuarterlyGrowth": null, "sharesOutstanding": 21733100, "fundInceptionDate": null, "annualReportExpenseRatio": null, "totalAssets": null, "bookValue": 17.027, "sharesShort": 892301, "sharesPercentSharesOut": 0.0372, "fundFamily": null, "lastFiscalYearEnd": 1614470400, "heldPercentInstitutions": 0.51066, "netIncomeToCommon": 26767000, "trailingEps": 1.09, "lastDividendValue": null, "SandP52WeekChange": null, "priceToBook": 0.6448581, "heldPercentInsiders": 0.31519, "nextFiscalYearEnd": 1677542400, "yield": null, "mostRecentQuarter": 1614470400, "shortRatio": 3.97, "sharesShortPreviousMonthDate": 1619740800, "floatShares": 14809831, "beta": 1.4125, "enterpriseValue": 242301360, "priceHint": 2, "threeYearAverageReturn": null, "lastSplitDate": null, "lastSplitFactor": null, "legalType": null, "morningStarOverallRating": null, "earningsQuarterlyGrowth": null, "priceToSalesTrailing12Months": null, "dateShortInterest": 1622160000, "pegRatio": null, "ytdReturn": null, "forwardPE": null, "maxAge": 1, "lastCapGain": null, "shortPercentOfFloat": 0.0767, "sharesShortPriorMonth": 799714, "category": null, "fiveYearAverageReturn": null}, "details": null, "summaryProfile": {"zip": "32824", "sector": "Technology", "fullTimeEmployees": 912, "longBusinessSummary": "VOXX International Corporation, together with its subsidiaries, designs, manufactures, and distributes automotive electronics, consumer electronics, and biometric products in the United States, Europe, and internationally. Its Automotive Electronics segment offers mobile multi-media infotainment products; satellite radios; smart phone telematics applications; automotive security, vehicle access, and remote start systems; automotive power accessories; rear observation and collision avoidance systems; driver distraction products; power lift gates; mobile interface modules; turn signal switches; automotive lighting products; automotive sensing and camera systems; USB ports; cruise control systems; and heated seats. The company's Consumer Electronics segment provides speakers; home theater, business music, and streaming music systems; on-ear and in-ear headphones; wired and wireless headphones and ear buds; Bluetooth headphones and ear buds; soundbars; digital living network alliance compatible devices; high-definition television and wireless fidelity antennas; high-definition multimedia interface accessories; karaoke and infant/nursery products; home electronic accessories; other connectivity products; performance enhancing electronics; TV universal remotes; flat panel TV mounting systems; power supply systems and charging products; electronic equipment cleaning products; personal sound amplifiers; set-top boxes; and home and portable stereos. Its Biometrics segment offers iris identification and biometric security related products. The company was formerly known as Audiovox Corporation and changed its name to VOXX International Corporation in December 2011. VOXX International Corporation was founded in 1960 and is headquartered in Orlando, Florida.", "city": "Orlando", "phone": "800 645 7750", "state": "FL", "country": "United States", "companyOfficers": [], "website": "http://www.voxxintl.com", "maxAge": 86400, "address1": "2351 J. Lawson Boulevard", "industry": "Consumer Electronics"}, "recommendationTrend": {"trend": [{"period": "0m", "strongBuy": 0, "buy": 0, "hold": 1, "sell": 0, "strongSell": 0}, {"period": "-1m", "strongBuy": 0, "buy": 0, "hold": 1, "sell": 0, "strongSell": 0}, {"period": "-2m", "strongBuy": 0, "buy": 0, "hold": 1, "sell": 0, "strongSell": 0}, {"period": "-3m", "strongBuy": 0, "buy": 0, "hold": 1, "sell": 0, "strongSell": 0}], "maxAge": 86400}, "financialsTemplate": null, "earnings": {"maxAge": 86400, "earningsChart": {"quarterly": [], "earningsDate": [1620864000]}, "financialsChart": {"yearly": [{"date": 2018, "revenue": 507092000, "earnings": 35304000}, {"date": 2019, "revenue": 446816000, "earnings": -46091000}, {"date": 2020, "revenue": 394889000, "earnings": -26443000}, {"date": 2021, "revenue": 563605000, "earnings": 26767000}], "quarterly": [{"date": "2Q2020", "revenue": 71987000, "earnings": -8272000}, {"date": "3Q2020", "revenue": 128032000, "earnings": 7340000}, {"date": "4Q2020", "revenue": 201065000, "earnings": 18251000}, {"date": "1Q2021", "revenue": 162521000, "earnings": 9448000}]}, "financialCurrency": "USD"}, "price": {"quoteSourceName": "Nasdaq Real Time Price", "regularMarketOpen": 10.58, "averageDailyVolume3Month": 210488, "exchange": "NMS", "regularMarketTime": 1626811202, "volume24Hr": null, "regularMarketDayHigh": 11.15, "shortName": "VOXX International Corporation", "averageDailyVolume10Day": 490220, "longName": "VOXX International Corporation", "regularMarketChange": 0.3199997, "currencySymbol": "$", "regularMarketPreviousClose": 10.66, "postMarketTime": 1626817547, "preMarketPrice": null, "exchangeDataDelayedBy": 0, "postMarketChange": -0.48, "postMarketPrice": 10.5, "exchangeName": "NasdaqGS", "preMarketChange": null, "circulatingSupply": null, "regularMarketDayLow": 10.33, "priceHint": 2, "currency": "USD", "regularMarketPrice": 10.98, "regularMarketVolume": 269432, "lastMarket": null, "regularMarketSource": "FREE_REALTIME", "openInterest": null, "marketState": "PREPRE", "underlyingSymbol": null, "marketCap": 263455200, "quoteType": "EQUITY", "volumeAllCurrencies": null, "postMarketSource": "FREE_REALTIME", "strikePrice": null, "symbol": "VOXX", "postMarketChangePercent": -0.0437158, "preMarketSource": "FREE_REALTIME", "maxAge": 1, "fromCurrency": null, "regularMarketChangePercent": 0.030018736}, "financialData": {"ebitdaMargins": 0.05955, "profitMargins": 0.04749, "grossMargins": 0.28131, "operatingCashflow": 36611000, "revenueGrowth": 0.608, "operatingMargins": 0.04219, "ebitda": 33560000, "targetLowPrice": null, "recommendationKey": "none", "grossProfits": 158547000, "freeCashflow": 20199000, "targetMedianPrice": null, "currentPrice": 10.98, "earningsGrowth": null, "currentRatio": 2.175, "returnOnAssets": 0.029949998, "numberOfAnalystOpinions": null, "targetMeanPrice": null, "debtToEquity": 3.278, "returnOnEquity": 0.06452, "targetHighPrice": null, "totalCash": 59404000, "totalDebt": 12329000, "totalRevenue": 563604992, "totalCashPerShare": 2.476, "financialCurrency": "USD", "maxAge": 86400, "revenuePerShare": 23.288, "quickRatio": 1.133, "recommendationMean": null}, "quoteType": {"exchange": "NMS", "shortName": "VOXX International Corporation", "longName": "VOXX International Corporation", "exchangeTimezoneName": "America/New_York", "exchangeTimezoneShortName": "EDT", "isEsgPopulated": false, "gmtOffSetMilliseconds": "-14400000", "underlyingSymbol": null, "quoteType": "EQUITY", "symbol": "VOXX", "underlyingExchangeSymbol": null, "headSymbol": null, "messageBoardId": "finmb_252862", "uuid": "e27c515c-fb1f-316e-b88f-a50311ada1e9", "market": "us_market"}, "calendarEvents": {"maxAge": 1, "earnings": {"earningsDate": [1620864000], "earningsAverage": null, "earningsLow": null, "earningsHigh": null, "revenueAverage": 112500000, "revenueLow": 112500000, "revenueHigh": 112500000}, "exDividendDate": null, "dividendDate": null}, "summaryDetail": {"previousClose": 10.66, "regularMarketOpen": 10.58, "twoHundredDayAverage": 18.000296, "trailingAnnualDividendYield": null, "payoutRatio": 0, "volume24Hr": null, "regularMarketDayHigh": 11.15, "navPrice": null, "averageDailyVolume10Day": 490220, "totalAssets": null, "regularMarketPreviousClose": 10.66, "fiftyDayAverage": 14.032424, "trailingAnnualDividendRate": null, "open": 10.58, "averageVolume10days": 490220, "expireDate": null, "yield": null, "algorithm": null, "dividendRate": null, "exDividendDate": null, "beta": 1.4125, "circulatingSupply": null, "startDate": null, "regularMarketDayLow": 10.33, "priceHint": 2, "currency": "USD", "trailingPE": 10.073394, "regularMarketVolume": 269432, "lastMarket": null, "maxSupply": null, "openInterest": null, "marketCap": 263455200, "volumeAllCurrencies": null, "strikePrice": null, "averageVolume": 210488, "priceToSalesTrailing12Months": 0.46744654, "dayLow": 10.33, "ask": 0, "ytdReturn": null, "askSize": 900, "volume": 269432, "fiftyTwoWeekHigh": 27.78, "forwardPE": 73.2, "maxAge": 1, "fromCurrency": null, "fiveYearAvgDividendYield": null, "fiftyTwoWeekLow": 5.67, "bid": 0, "tradeable": false, "dividendYield": null, "bidSize": 1000, "dayHigh": 11.15}, "symbol": "VOXX", "esgScores": null, "upgradeDowngradeHistory": {"history": [{"epochGradeDate": 1452643200, "firm": "Oppenheimer", "toGrade": "Outperform", "fromGrade": "", "action": "main"}, {"epochGradeDate": 1447286400, "firm": "Oppenheimer", "toGrade": "Outperform", "fromGrade": "", "action": "init"}, {"epochGradeDate": 1436745600, "firm": "B. Riley FBR", "toGrade": "Buy", "fromGrade": "Neutral", "action": "up"}, {"epochGradeDate": 1420761600, "firm": "Craig-Hallum", "toGrade": "Hold", "fromGrade": "Buy", "action": "down"}, {"epochGradeDate": 1413158400, "firm": "Cowen & Co.", "toGrade": "Market Perform", "fromGrade": "Outperform", "action": "down"}, {"epochGradeDate": 1400803200, "firm": "Craig-Hallum", "toGrade": "Hold", "fromGrade": "Buy", "action": "down"}, {"epochGradeDate": 1400198400, "firm": "Needham", "toGrade": "Buy", "fromGrade": "Strong Buy", "action": "down"}, {"epochGradeDate": 1400112000, "firm": "B. Riley FBR", "toGrade": "Neutral", "fromGrade": "Buy", "action": "down"}, {"epochGradeDate": 1400112000, "firm": "Needham", "toGrade": "Strong Buy", "fromGrade": "", "action": "main"}, {"epochGradeDate": 1386028800, "firm": "Cowen & Co.", "toGrade": "Outperform", "fromGrade": "", "action": "init"}, {"epochGradeDate": 1378857600, "firm": "Singular Research", "toGrade": "Buy", "fromGrade": "", "action": "init"}, {"epochGradeDate": 1373587200, "firm": "Imperial Capital", "toGrade": "Outperform", "fromGrade": "", "action": "main"}, {"epochGradeDate": 1372032000, "firm": "Imperial Capital", "toGrade": "Outperform", "fromGrade": "", "action": "init"}], "maxAge": 86400}, "pageViews": {"shortTermTrend": "UP", "midTermTrend": "UP", "longTermTrend": "UP", "maxAge": 1}}, "VUZI": {"defaultKeyStatistics": {"annualHoldingsTurnover": null, "enterpriseToRevenue": 70.002, "beta3Year": null, "profitMargins": -1.3769901, "enterpriseToEbitda": -54.271, "52WeekChange": null, "morningStarRiskRating": null, "forwardEps": -0.28, "revenueQuarterlyGrowth": null, "sharesOutstanding": 63072800, "fundInceptionDate": null, "annualReportExpenseRatio": null, "totalAssets": null, "bookValue": 2.364, "sharesShort": 10029183, "sharesPercentSharesOut": 0.159, "fundFamily": null, "lastFiscalYearEnd": 1609372800, "heldPercentInstitutions": 0.34998, "netIncomeToCommon": -20786224, "trailingEps": -0.479, "lastDividendValue": null, "SandP52WeekChange": null, "priceToBook": 6.3494077, "heldPercentInsiders": 0.069299996, "nextFiscalYearEnd": 1672444800, "yield": null, "mostRecentQuarter": 1617148800, "shortRatio": 2.11, "sharesShortPreviousMonthDate": 1619740800, "floatShares": 58660246, "beta": 2.429891, "enterpriseValue": 977592064, "priceHint": 2, "threeYearAverageReturn": null, "lastSplitDate": 1360108800, "lastSplitFactor": "1:75", "legalType": null, "morningStarOverallRating": null, "earningsQuarterlyGrowth": null, "priceToSalesTrailing12Months": null, "dateShortInterest": 1622160000, "pegRatio": -3.06, "ytdReturn": null, "forwardPE": -53.607143, "maxAge": 1, "lastCapGain": null, "shortPercentOfFloat": 0.1709, "sharesShortPriorMonth": 9645263, "category": null, "fiveYearAverageReturn": null}, "details": null, "summaryProfile": {"zip": "14586", "sector": "Technology", "fullTimeEmployees": 99, "longBusinessSummary": "Vuzix Corporation designs, manufactures, markets, and sells augmented reality (AR) wearable display and computing devices for consumer and enterprise markets in North America, the Asia-Pacific, Europe, and internationally. It provides M300XL, M400, and M4000 series of smart glasses for enterprise, industrial, commercial, and medical markets; Vuzix Blade smart glasses; waveguide optics and related coupling optics; and other AR products, such as binocular next generation smart glasses and AR smart glasses product with 3D, stereo cameras, and 3D camera vision, as well as custom and engineering solutions. The company sells its products through resellers, direct to commercial customers, and via online stores, as well as various Vuzix operated web stores. The company was formerly known as Icuiti Corporation and changed its name to Vuzix Corporation in September 2007. Vuzix Corporation was founded in 1997 and is headquartered in West Henrietta, New York.", "city": "West Henrietta", "phone": "585 359 5900", "state": "NY", "country": "United States", "companyOfficers": [], "website": "http://www.vuzix.com", "maxAge": 86400, "address1": "25 Hendrix Road", "fax": "585 359 4172", "industry": "Consumer Electronics", "address2": "Suite A"}, "recommendationTrend": {"trend": [{"period": "0m", "strongBuy": 0, "buy": 2, "hold": 0, "sell": 0, "strongSell": 0}, {"period": "-1m", "strongBuy": 1, "buy": 2, "hold": 1, "sell": 0, "strongSell": 0}, {"period": "-2m", "strongBuy": 1, "buy": 2, "hold": 1, "sell": 0, "strongSell": 0}, {"period": "-3m", "strongBuy": 0, "buy": 2, "hold": 0, "sell": 0, "strongSell": 0}], "maxAge": 86400}, "financialsTemplate": null, "earnings": {"maxAge": 86400, "earningsChart": {"quarterly": [{"date": "2Q2020", "actual": -0.13, "estimate": -0.15}, {"date": "3Q2020", "actual": -0.13, "estimate": -0.12}, {"date": "4Q2020", "actual": -0.09, "estimate": -0.11}, {"date": "1Q2021", "actual": -0.12, "estimate": -0.1}], "currentQuarterEstimate": -0.1, "currentQuarterEstimateDate": "2Q", "currentQuarterEstimateYear": 2021, "earningsDate": [1620604800]}, "financialsChart": {"yearly": [{"date": 2017, "revenue": 5537753, "earnings": -19633502}, {"date": 2018, "revenue": 8094368, "earnings": -21875713}, {"date": 2019, "revenue": 6670604, "earnings": -26476370}, {"date": 2020, "revenue": 11581496, "earnings": -17952172}], "quarterly": [{"date": "2Q2020", "revenue": 3036843, "earnings": -4238666}, {"date": "3Q2020", "revenue": 2778721, "earnings": -4760810}, {"date": "4Q2020", "revenue": 4234216, "earnings": -3591072}, {"date": "1Q2021", "revenue": 3915389, "earnings": -6639363}]}, "financialCurrency": "USD"}, "price": {"quoteSourceName": "Delayed Quote", "regularMarketOpen": 14.575, "averageDailyVolume3Month": 4203598, "exchange": "NMS", "regularMarketTime": 1626811202, "volume24Hr": null, "regularMarketDayHigh": 15.16, "shortName": "Vuzix Corporation", "averageDailyVolume10Day": 2182680, "longName": "Vuzix Corporation", "regularMarketChange": 0.5100002, "currencySymbol": "$", "regularMarketPreviousClose": 14.5, "postMarketTime": 1626825508, "preMarketPrice": null, "exchangeDataDelayedBy": 0, "postMarketChange": -0.010000229, "postMarketPrice": 15, "exchangeName": "NasdaqGS", "preMarketChange": null, "circulatingSupply": null, "regularMarketDayLow": 13.8, "priceHint": 2, "currency": "USD", "regularMarketPrice": 15.01, "regularMarketVolume": 2863505, "lastMarket": null, "regularMarketSource": "FREE_REALTIME", "openInterest": null, "marketState": "PREPRE", "underlyingSymbol": null, "marketCap": 946722752, "quoteType": "EQUITY", "volumeAllCurrencies": null, "postMarketSource": "DELAYED", "strikePrice": null, "symbol": "VUZI", "postMarketChangePercent": -0.0006662378, "preMarketSource": "FREE_REALTIME", "maxAge": 1, "fromCurrency": null, "regularMarketChangePercent": 0.03517243}, "financialData": {"ebitdaMargins": -1.2898599, "profitMargins": -1.3769901, "grossMargins": 0.20957, "operatingCashflow": -15686931, "revenueGrowth": 1.556, "operatingMargins": -1.4565101, "ebitda": -18013060, "targetLowPrice": 30, "recommendationKey": "buy", "grossProfits": 1927609, "freeCashflow": -9562533, "targetMedianPrice": 30, "currentPrice": 15.01, "earningsGrowth": null, "currentRatio": 40.305, "returnOnAssets": -0.14571999, "numberOfAnalystOpinions": 3, "targetMeanPrice": 31.67, "debtToEquity": 1.017, "returnOnEquity": -0.23165001, "targetHighPrice": 35, "totalCash": 132722096, "totalDebt": 1493973, "totalRevenue": 13965170, "totalCashPerShare": 2.104, "financialCurrency": "USD", "maxAge": 86400, "revenuePerShare": 0.322, "quickRatio": 37.499, "recommendationMean": 2}, "quoteType": {"exchange": "NMS", "shortName": "Vuzix Corporation", "longName": "Vuzix Corporation", "exchangeTimezoneName": "America/New_York", "exchangeTimezoneShortName": "EDT", "isEsgPopulated": false, "gmtOffSetMilliseconds": "-14400000", "underlyingSymbol": null, "quoteType": "EQUITY", "symbol": "VUZI", "underlyingExchangeSymbol": null, "headSymbol": null, "messageBoardId": "finmb_13610016", "uuid": "b42c8863-c6d0-341b-9d51-442783839350", "market": "us_market"}, "calendarEvents": {"maxAge": 1, "earnings": {"earningsDate": [1620604800], "earningsAverage": -0.1, "earningsLow": -0.11, "earningsHigh": -0.08, "revenueAverage": 4330000, "revenueLow": 4190000, "revenueHigh": 4500000}, "exDividendDate": null, "dividendDate": null}, "summaryDetail": {"previousClose": 14.5, "regularMarketOpen": 14.575, "twoHundredDayAverage": 18.100222, "trailingAnnualDividendYield": null, "payoutRatio": 0, "volume24Hr": null, "regularMarketDayHigh": 15.16, "navPrice": null, "averageDailyVolume10Day": 2182680, "totalAssets": null, "regularMarketPreviousClose": 14.5, "fiftyDayAverage": 17.429394, "trailingAnnualDividendRate": null, "open": 14.575, "averageVolume10days": 2182680, "expireDate": null, "yield": null, "algorithm": null, "dividendRate": null, "exDividendDate": null, "beta": 2.429891, "circulatingSupply": null, "startDate": null, "regularMarketDayLow": 13.8, "priceHint": 2, "currency": "USD", "regularMarketVolume": 2863505, "lastMarket": null, "maxSupply": null, "openInterest": null, "marketCap": 946722752, "volumeAllCurrencies": null, "strikePrice": null, "averageVolume": 4203598, "priceToSalesTrailing12Months": 67.79171, "dayLow": 13.8, "ask": 0, "ytdReturn": null, "askSize": 1300, "volume": 2863505, "fiftyTwoWeekHigh": 32.43, "forwardPE": -53.607143, "maxAge": 1, "fromCurrency": null, "fiveYearAvgDividendYield": null, "fiftyTwoWeekLow": 3.24, "bid": 0, "tradeable": false, "dividendYield": null, "bidSize": 2200, "dayHigh": 15.16}, "symbol": "VUZI", "esgScores": null, "upgradeDowngradeHistory": {"history": [{"epochGradeDate": 1615852800, "firm": "Maxim Group", "toGrade": "Hold", "fromGrade": "Buy", "action": "down"}, {"epochGradeDate": 1613520000, "firm": "BTIG", "toGrade": "Buy", "fromGrade": "", "action": "init"}, {"epochGradeDate": 1521504000, "firm": "Maxim Group", "toGrade": "Buy", "fromGrade": "Buy", "action": "main"}, {"epochGradeDate": 1517356800, "firm": "Maxim Group", "toGrade": "Buy", "fromGrade": "Buy", "action": "main"}, {"epochGradeDate": 1477612800, "firm": "Maxim Group", "toGrade": "Buy", "fromGrade": "", "action": "init"}, {"epochGradeDate": 1449705600, "firm": "H.C. Wainwright", "toGrade": "Buy", "fromGrade": "", "action": "init"}], "maxAge": 86400}, "pageViews": {"shortTermTrend": "UP", "midTermTrend": "UP", "longTermTrend": "UP", "maxAge": 1}}, "VZIO": {"defaultKeyStatistics": {"annualHoldingsTurnover": null, "enterpriseToRevenue": 1.9, "beta3Year": null, "profitMargins": 0.05017, "enterpriseToEbitda": 29.175, "52WeekChange": null, "morningStarRiskRating": null, "forwardEps": null, "revenueQuarterlyGrowth": null, "sharesOutstanding": 85079200, "fundInceptionDate": null, "annualReportExpenseRatio": null, "totalAssets": null, "bookValue": null, "sharesShort": 841662, "sharesPercentSharesOut": 0.0046, "fundFamily": null, "lastFiscalYearEnd": 1609372800, "heldPercentInstitutions": 0.03078, "netIncomeToCommon": 80240000, "trailingEps": null, "lastDividendValue": null, "SandP52WeekChange": null, "priceToBook": null, "heldPercentInsiders": 0.73780996, "nextFiscalYearEnd": 1672444800, "yield": null, "mostRecentQuarter": 1443571200, "shortRatio": 0.51, "sharesShortPreviousMonthDate": null, "floatShares": null, "beta": null, "enterpriseValue": 3879896576, "priceHint": 2, "threeYearAverageReturn": null, "lastSplitDate": null, "lastSplitFactor": null, "legalType": null, "morningStarOverallRating": null, "earningsQuarterlyGrowth": -0.149, "priceToSalesTrailing12Months": null, "dateShortInterest": 1618444800, "pegRatio": null, "ytdReturn": null, "forwardPE": 120.18182, "maxAge": 1, "lastCapGain": null, "shortPercentOfFloat": 0.0221, "sharesShortPriorMonth": null, "category": null, "fiveYearAverageReturn": null}, "details": null, "summaryProfile": {"zip": "92618", "sector": "Technology", "fullTimeEmployees": 444, "longBusinessSummary": "VIZIO Holding Corp., through its subsidiaries, provides smart televisions, sound bars, and accessories in the United States. It also operates Platform+ that comprises SmartCast, a Smart TV operating system, enabling a fully integrated home entertainment solution, and data intelligence and services products through Inscape. Its SmartCast delivers content and applications through an easy-to-use interface, as well as supports streaming apps and hosts its free ad-supported video app, WatchFree, as well as VIZIO Free Channels. In addition, the company provides support for third-party voice platforms. It sells its smart TVs, sound bars, and accessories to retailers and through online channels. VIZIO Holding Corp. has a strategic partnership with Verizon Media LLC to deliver cross-platform and connected TV advertising solutions. The company was founded in 2002 and is headquartered in Irvine, California.", "city": "Irvine", "phone": "949 428 2525", "state": "CA", "country": "United States", "companyOfficers": [], "website": "http://www.vizio.com", "maxAge": 86400, "address1": "39 Tesla", "fax": "949 585 9563", "industry": "Consumer Electronics"}, "recommendationTrend": {"trend": [{"period": "0m", "strongBuy": 0, "buy": 0, "hold": 0, "sell": 0, "strongSell": 0}, {"period": "-1m", "strongBuy": 2, "buy": 5, "hold": 0, "sell": 0, "strongSell": 0}, {"period": "-2m", "strongBuy": 0, "buy": 0, "hold": 0, "sell": 0, "strongSell": 0}, {"period": "-3m", "strongBuy": 0, "buy": 0, "hold": 0, "sell": 0, "strongSell": 0}], "maxAge": 86400}, "financialsTemplate": null, "earnings": {"maxAge": 86400, "earningsChart": {"quarterly": [{"date": "1Q2021", "actual": 0.02, "estimate": -0.1}], "currentQuarterEstimate": -0.06, "currentQuarterEstimateDate": "2Q", "currentQuarterEstimateYear": 2021, "earningsDate": []}, "financialsChart": {"yearly": [{"date": 2014, "revenue": 3142438000, "earnings": 44963000}, {"date": 2018, "revenue": 1780730000, "earnings": -156000}, {"date": 2019, "revenue": 1836799000, "earnings": 23086000}, {"date": 2020, "revenue": 2042473000, "earnings": 102475000}], "quarterly": [{"date": "3Q2014", "revenue": 822692000, "earnings": 15267000}, {"date": "1Q2015", "revenue": 671886500, "earnings": 15675500}, {"date": "2Q2015", "revenue": 671886500, "earnings": 15675500}, {"date": "3Q2015", "revenue": 859486000, "earnings": 12987000}]}, "financialCurrency": "USD"}, "price": {"quoteSourceName": "Nasdaq Real Time Price", "regularMarketOpen": 26.13, "averageDailyVolume3Month": 822635, "exchange": "NYQ", "regularMarketTime": 1626811341, "volume24Hr": null, "regularMarketDayHigh": 27.07, "shortName": "VIZIO Holding Corp.", "averageDailyVolume10Day": 479400, "longName": "VIZIO Holding Corp.", "regularMarketChange": 0.65999985, "currencySymbol": "$", "regularMarketPreviousClose": 25.78, "postMarketTime": 1626825508, "preMarketPrice": null, "exchangeDataDelayedBy": 0, "postMarketChange": 0.83, "postMarketPrice": 27.27, "exchangeName": "NYSE", "preMarketChange": null, "circulatingSupply": null, "regularMarketDayLow": 25.79, "priceHint": 2, "currency": "USD", "regularMarketPrice": 26.44, "regularMarketVolume": 541185, "lastMarket": null, "regularMarketSource": "DELAYED", "openInterest": null, "marketState": "PREPRE", "underlyingSymbol": null, "marketCap": 4857345536, "quoteType": "EQUITY", "volumeAllCurrencies": null, "postMarketSource": "FREE_REALTIME", "strikePrice": null, "symbol": "VZIO", "postMarketChangePercent": 0.0313918, "preMarketSource": "FREE_REALTIME", "maxAge": 1, "fromCurrency": null, "regularMarketChangePercent": 0.025601234}, "financialData": {"ebitdaMargins": 0.06511, "profitMargins": 0.05017, "grossMargins": 0.1451, "operatingCashflow": 32297000, "revenueGrowth": 0.045, "operatingMargins": 0.06458, "ebitda": 132986000, "targetLowPrice": 29, "recommendationKey": "buy", "grossProfits": 296358000, "freeCashflow": 8830875, "targetMedianPrice": 31, "currentPrice": 26.44, "earningsGrowth": -0.168, "currentRatio": 1.104, "returnOnAssets": 0.11298, "numberOfAnalystOpinions": 6, "targetMeanPrice": 30.83, "debtToEquity": 97.679, "returnOnEquity": 1.0769, "targetHighPrice": 33, "totalCash": 248000000, "totalDebt": 50000000, "totalRevenue": 2042472960, "totalCashPerShare": 1.718, "financialCurrency": "USD", "maxAge": 86400, "revenuePerShare": 14.146, "quickRatio": 0.997, "recommendationMean": 1.7}, "quoteType": {"exchange": "NYQ", "shortName": "VIZIO Holding Corp.", "longName": "VIZIO Holding Corp.", "exchangeTimezoneName": "America/New_York", "exchangeTimezoneShortName": "EDT", "isEsgPopulated": false, "gmtOffSetMilliseconds": "-14400000", "underlyingSymbol": null, "quoteType": "EQUITY", "symbol": "VZIO", "underlyingExchangeSymbol": null, "headSymbol": null, "messageBoardId": "finmb_27650657", "uuid": "98dc8f95-157e-3c62-b8f9-ea5c671822cd", "market": "us_market"}, "calendarEvents": {"maxAge": 1, "earnings": {"earningsDate": [], "earningsAverage": -0.06, "earningsLow": -0.14, "earningsHigh": 0, "revenueAverage": 383970000, "revenueLow": 335100000, "revenueHigh": 458800000}, "exDividendDate": null, "dividendDate": null}, "summaryDetail": {"previousClose": 25.78, "regularMarketOpen": 26.13, "twoHundredDayAverage": 23.829872, "trailingAnnualDividendYield": null, "payoutRatio": 0, "volume24Hr": null, "regularMarketDayHigh": 27.07, "navPrice": null, "averageDailyVolume10Day": 479400, "totalAssets": null, "regularMarketPreviousClose": 25.78, "fiftyDayAverage": 24.03606, "trailingAnnualDividendRate": null, "open": 26.13, "averageVolume10days": 479400, "expireDate": null, "yield": null, "algorithm": null, "dividendRate": null, "exDividendDate": null, "beta": null, "circulatingSupply": null, "startDate": null, "regularMarketDayLow": 25.79, "priceHint": 2, "currency": "USD", "regularMarketVolume": 541185, "lastMarket": null, "maxSupply": null, "openInterest": null, "marketCap": 4857345536, "volumeAllCurrencies": null, "strikePrice": null, "averageVolume": 822635, "priceToSalesTrailing12Months": 2.3781688, "dayLow": 25.79, "ask": 0, "ytdReturn": null, "askSize": 800, "volume": 541185, "fiftyTwoWeekHigh": 28.8, "forwardPE": null, "maxAge": 1, "fromCurrency": null, "fiveYearAvgDividendYield": null, "fiftyTwoWeekLow": 19.29, "bid": 0, "tradeable": false, "dividendYield": null, "bidSize": 1000, "dayHigh": 27.07}, "symbol": "VZIO", "esgScores": null, "upgradeDowngradeHistory": {"history": [{"epochGradeDate": 1618790400, "firm": "Piper Sandler", "toGrade": "Overweight", "fromGrade": "", "action": "init"}, {"epochGradeDate": 1618790400, "firm": "Needham", "toGrade": "Buy", "fromGrade": "", "action": "init"}, {"epochGradeDate": 1618790400, "firm": "JP Morgan", "toGrade": "Overweight", "fromGrade": "", "action": "init"}, {"epochGradeDate": 1618790400, "firm": "B of A Securities", "toGrade": "Buy", "fromGrade": "", "action": "init"}, {"epochGradeDate": 1618790400, "firm": "Guggenheim", "toGrade": "Buy", "fromGrade": "", "action": "init"}, {"epochGradeDate": 1618790400, "firm": "Roth Capital", "toGrade": "Buy", "fromGrade": "", "action": "init"}, {"epochGradeDate": 1618790400, "firm": "Wells Fargo", "toGrade": "Overweight", "fromGrade": "", "action": "init"}], "maxAge": 86400}, "pageViews": {"shortTermTrend": "UP", "midTermTrend": "UP", "longTermTrend": "NONE", "maxAge": 1}}, "ZVTK": {"defaultKeyStatistics": {"annualHoldingsTurnover": null, "enterpriseToRevenue": 204.467, "beta3Year": null, "profitMargins": 0, "enterpriseToEbitda": null, "52WeekChange": null, "morningStarRiskRating": null, "forwardEps": null, "revenueQuarterlyGrowth": null, "sharesOutstanding": 335527, "fundInceptionDate": null, "annualReportExpenseRatio": null, "totalAssets": null, "bookValue": -7.59, "sharesShort": null, "sharesPercentSharesOut": null, "fundFamily": null, "lastFiscalYearEnd": 1341014400, "heldPercentInstitutions": 0.0056, "netIncomeToCommon": -1191754, "trailingEps": -3.755, "lastDividendValue": null, "SandP52WeekChange": null, "priceToBook": null, "heldPercentInsiders": 0, "nextFiscalYearEnd": 1404086400, "yield": null, "mostRecentQuarter": 1348963200, "shortRatio": null, "sharesShortPreviousMonthDate": null, "floatShares": null, "beta": 3.712079, "enterpriseValue": 1564174, "priceHint": 4, "threeYearAverageReturn": null, "lastSplitDate": 1319673600, "lastSplitFactor": "1:5000", "legalType": null, "morningStarOverallRating": null, "earningsQuarterlyGrowth": null, "priceToSalesTrailing12Months": null, "dateShortInterest": null, "pegRatio": null, "ytdReturn": null, "forwardPE": null, "maxAge": 1, "lastCapGain": null, "shortPercentOfFloat": null, "sharesShortPriorMonth": null, "category": null, "fiveYearAverageReturn": null}, "details": null, "summaryProfile": {"zip": "07632", "sector": "Technology", "longBusinessSummary": "Zevotek, Inc., a development stage company, focuses on developing, manufacturing, marketing, selling, and distributing plumbing valves that reduce water use in the home. The company intends to offer Gung H2O, a patented plumbing valve that is installed in the traditional gravity toilet tank of a non-low flow toilet to regulate the amount of water used to fill and flush a toilet. It also develops an ionic bulb utilizing light emitting diodes for use as an air-purifying product. Zevotek, Inc. plans to markets its products through its Website newionicbulb.com, TV infomercials, and consumer catalog, as well as through sales agencies to retail and specialty stores, and distributors. The company was formerly known as Diet Coffee, Inc. and changed its name to Zevotek, Inc. in June 2008. Zevotek, Inc. was founded in 2005 and is based in Englewood Cliffs, New Jersey.", "city": "Englewood Cliffs", "phone": "201-820-0357", "state": "NJ", "country": "United States", "companyOfficers": [], "website": "http://zevotek.io", "maxAge": 86400, "address1": "19 Sylvan Avenue", "industry": "Consumer Electronics", "address2": "Second Floor"}, "recommendationTrend": {"trend": [{"period": "0m", "strongBuy": 0, "buy": 0, "hold": 0, "sell": 0, "strongSell": 0}, {"period": "-1m", "strongBuy": 0, "buy": 0, "hold": 0, "sell": 0, "strongSell": 0}, {"period": "-2m", "strongBuy": 0, "buy": 0, "hold": 0, "sell": 0, "strongSell": 0}, {"period": "-3m", "strongBuy": 0, "buy": 0, "hold": 0, "sell": 0, "strongSell": 0}], "maxAge": 86400}, "financialsTemplate": null, "earnings": {"maxAge": 86400, "earningsChart": {"quarterly": [], "earningsDate": []}, "financialsChart": {"yearly": [{"date": 2009, "revenue": 0, "earnings": -821798}, {"date": 2010, "revenue": 184919, "earnings": -1339002}, {"date": 2011, "revenue": 15540, "earnings": -1244112}, {"date": 2012, "revenue": 8024, "earnings": -1482168}], "quarterly": [{"date": "4Q2011", "revenue": 4273, "earnings": -813974}, {"date": "1Q2012", "revenue": 1488, "earnings": -140615}, {"date": "2Q2012", "revenue": 1889, "earnings": -134457}, {"date": "3Q2012", "revenue": 0, "earnings": -102708}]}, "financialCurrency": "USD"}, "price": {"quoteSourceName": "Delayed Quote", "regularMarketOpen": 0.0199, "averageDailyVolume3Month": 266269, "exchange": "PNK", "regularMarketTime": 1626800092, "volume24Hr": null, "regularMarketDayHigh": 0.02, "shortName": "ZEVOTEK INC", "averageDailyVolume10Day": 129572, "longName": "Zevotek, Inc.", "regularMarketChange": 0.0029999986, "currencySymbol": "$", "regularMarketPreviousClose": 0.017, "preMarketPrice": null, "exchangeDataDelayedBy": 0, "postMarketChange": null, "postMarketPrice": null, "exchangeName": "Other OTC", "preMarketChange": null, "circulatingSupply": null, "regularMarketDayLow": 0.0171, "priceHint": 4, "currency": "USD", "regularMarketPrice": 0.02, "regularMarketVolume": 16136, "lastMarket": null, "regularMarketSource": "DELAYED", "openInterest": null, "marketState": "PREPRE", "underlyingSymbol": null, "marketCap": 8752, "quoteType": "EQUITY", "volumeAllCurrencies": null, "strikePrice": null, "symbol": "ZVTK", "maxAge": 1, "fromCurrency": null, "regularMarketChangePercent": 0.1764705}, "financialData": {"ebitdaMargins": 0, "profitMargins": 0, "grossMargins": 0, "operatingCashflow": -178003, "revenueGrowth": null, "operatingMargins": -44.290592, "ebitda": null, "targetLowPrice": null, "recommendationKey": "none", "grossProfits": -81530, "freeCashflow": 266120, "targetMedianPrice": null, "currentPrice": 0.02, "earningsGrowth": null, "currentRatio": 0, "returnOnAssets": -2.8996398, "numberOfAnalystOpinions": null, "targetMeanPrice": null, "debtToEquity": null, "returnOnEquity": null, "targetHighPrice": null, "totalCash": 203, "totalDebt": 1556649, "totalRevenue": 7650, "totalCashPerShare": 0.001, "financialCurrency": "USD", "maxAge": 86400, "revenuePerShare": 0.024, "quickRatio": 0, "recommendationMean": null}, "quoteType": {"exchange": "PNK", "shortName": "ZEVOTEK INC", "longName": "Zevotek, Inc.", "exchangeTimezoneName": "America/New_York", "exchangeTimezoneShortName": "EDT", "isEsgPopulated": false, "gmtOffSetMilliseconds": "-14400000", "underlyingSymbol": null, "quoteType": "EQUITY", "symbol": "ZVTK", "underlyingExchangeSymbol": null, "headSymbol": null, "messageBoardId": "finmb_28994670", "uuid": "990f6b27-430d-3668-b15b-50e9d7ea68ca", "market": "us_market"}, "calendarEvents": {"maxAge": 1, "earnings": {"earningsDate": [], "earningsAverage": null, "earningsLow": null, "earningsHigh": null, "revenueAverage": null, "revenueLow": null, "revenueHigh": null}, "exDividendDate": null, "dividendDate": null}, "summaryDetail": {"previousClose": 0.017, "regularMarketOpen": 0.0199, "twoHundredDayAverage": 0.020847747, "trailingAnnualDividendYield": null, "payoutRatio": 0, "volume24Hr": null, "regularMarketDayHigh": 0.02, "navPrice": null, "averageDailyVolume10Day": 129572, "totalAssets": null, "regularMarketPreviousClose": 0.017, "fiftyDayAverage": 0.014858333, "trailingAnnualDividendRate": null, "open": 0.0199, "averageVolume10days": 129572, "expireDate": null, "yield": null, "algorithm": null, "dividendRate": null, "exDividendDate": null, "beta": 3.712079, "circulatingSupply": null, "startDate": null, "regularMarketDayLow": 0.0171, "priceHint": 4, "currency": "USD", "regularMarketVolume": 16136, "lastMarket": null, "maxSupply": null, "openInterest": null, "marketCap": 8752, "volumeAllCurrencies": null, "strikePrice": null, "averageVolume": 266269, "priceToSalesTrailing12Months": 1.1440523, "dayLow": 0.0171, "ask": 0, "ytdReturn": null, "askSize": 0, "volume": 16136, "fiftyTwoWeekHigh": 0.1, "forwardPE": null, "maxAge": 1, "fromCurrency": null, "fiveYearAvgDividendYield": null, "fiftyTwoWeekLow": 0.0028, "bid": 0, "tradeable": false, "dividendYield": null, "bidSize": 0, "dayHigh": 0.02}, "symbol": "ZVTK", "esgScores": null, "upgradeDowngradeHistory": {"history": [], "maxAge": 86400}, "pageViews": null}}